1856 3282
167 111 246 151 198

783 109 1172 151 ΟΜΗΡΟΥ

331 216 426 263 ἀλλ’
456 218 524 263 ὅτε
553 217 676 289 γαίης
705 217 869 261 πολλὸν
899 216 1073 262 ἀπέπλω
1103 216 1374 272 ποντοπόρος
1401 221 1522 274 νηῦς,

331 274 483 319 αὐτίκα
515 274 693 318 δούλιον
721 272 836 330 ἦμαρ
866 275 960 330 ἐμοὶ
972 274 1393 347 περιμηχανόωντο·

330 331 378 375 ἐκ
406 331 485 385 μέν
510 347 560 384 με
588 331 767 386 χλαῖνάν
795 346 858 377 τε.
887 331 1044 386 χιτῶνά
1075 348 1139 380 τε,
1170 329 1307 385 ει’ματ’
1341 331 1513 381 ἔδυσαν,

329 386 440 442 ἀμφὶ.
469 386 515 430 δέ
543 403 617 442 μοι
643 387 775 440 ῥάκος
805 385 910 430 ἄλλο
940 387 1078 430 κακόν
1106 389 1260 444 βάλον,
1289 386 1366 456 η’δὲ
1393 390 1565 443 χιτῶνα,

217 443 299 490 345
328 443 543 497 ῥωγαλέα,
572 443 624 485 τά
652 445 724 485 καὶ
754 441 884 492 αὐτὸς
914 443 959 486 ἐν
989 444 1282 514 ὀφθαλμοῖσιν
1312 443 1449 498 ὅρηαι.

326 498 514 569 ἑσπέριοι
544 497 587 542 δ’
618 498 783 553 Ἰθάκης
812 498 1069 543 εὐδειέλου’
1057 500 1146 555 ε”ργ
1175 498 1408 571 ἀφίκοντο·

327 553 426 599 ἔνθ’
454 554 524 626 ἐμὲ
551 554 629 610 μὲν
656 556 894 609 κατέδησαν
923 555 1140 627 ἐϋσσέλμῳ
1172 556 1235 598 ἐνὶ
1263 557 1340 624 227'15

326 610 442 667 ὅπλῳ
471 611 694 665 ἐϋστρεφέϊ
719 615 921 665 στερεῶς·
953 610 1076 654 αὐτοὶ
1106 601 1147 655 δ’
1181 609 1420 666 ἀποβάντες

329 655 571 720 ἐσσυμένως
601 666 717 721 παρά
748 672 852 710 θῖνα
880 667 1102 738 θαλάσσης
1132 667 1297 722 δόρπον
1326 667 1487 709 ἕλοντο.

214 724 297 768 350
327 722 463 776 αύταρ
494 723 588 779 ἐμοὶ
619 723 777 778 δεσμόν
806 723 884 779 μὲν
913 723 1197 795 ἀνέγναμψαν
1224 723 1322 766 θεοὶ
1355 721 1482 765 αὐτοὶ

325 780 520 849 ῥηϊδίως·
551 783 717 847 κεφαλῇ
747 780 793 822 δὲ
820 779 929 823 κατὰ
961 780 1094 834 ῥάκος
1124 778 1447 848 ἀμφικαλύψας,

323 834 472 887 ξεστὸν
502 834 745 905 ἐφόλκαιον
766 836 980 890 καταβάς,
1010 836 1223 879 ἐπέλασσα
1250 835 1486 890 θαλάσσῃ

323 895 501 960 στῆθος,
533 890 676 932 ε’πειτα
705 890 751 932 δὲ
779 894 898 963 χερσὶ
929 891 1122 962 διήρεσσ’
1152 891 1426 964 ἀμφοτέρῃσι

270 947 295 973 *
323 944 577 1018 νηχόμενος,
608 945 722 1014 μάλα
752 947 795 988 δ’
829 949 920 989 ὦκα
948 946 1117 1005 θύρηθ’
1150 948 1198 990 ἐά
1230 946 1366 1002 ἀμφὶς
1393 947 1581 989 ἐκείνων.

211 1005 292 1048 355
322 1000 420 1044 ἔνθ’
454 1000 632 1053 άναβας,
663 1000 739 1044 ὅθι
767 1017 811 1044 τε
845 1003 964 1056 δρίος
992 1005 1048 1073 ἠν
1079 1004 1353 1071 πολυανθέος
1379 1002 1500 1059 ὕλης,

320 1059 471 1114 κείμην
498 1057 706 1114 πεπτηώς.

153 1226 233 1270 πῶς
255 1228 329 1265 ἐστι
360 1229 411 1276 τῷ
434 1230 559 1274 πῆμα
584 1227 724 1286 ᾅτης,
749 1241 799 1269 ως
822 1231 951 1273 Σοφο-

151 1277 239 1320 κλῆς
261 1277 383 1320 (Ajace
406 1277 513 1319 345),
545 1274 625 1319 μὴ,
660 1274 801 1310 κακὸν
823 1275 948 1321 κακῷ

152 1322 274 1356 ‘nesse'
265 1337 278 1357 ι
288 1335 305 1363 ς
319 1321 415 1365 (libri
425 1322 625 1378 Sophoclei·
644 1320 820 1364 διδους)
820 1321 908 1356 Ἀκο
921 1334 950 1361 ς,

152 1366 291 1402 πλέον
316 1367 357 1403 vd
383 1368 488 1424 πῆμα
509 1368 574 1424 τῇς
598 1365 687 1412 ἄτης
709 1369 851 1402 τίθει.
889 1367 953 1408 καὶι

153 1411 248 1449 ἔοικε
271 1412 343 1467 δύη
365 1411 430 1457 μὲν
452 1426 484 1447 κ.
513 1410 589 1469 ἄτη
615 1413 891 1464 δαιμονιώδεις
893 1427 950 1448 τι-

151 1457 211 1501 νές
231 1457 456 1495 πλάττεσθαι
481 1457 623 1500 οὐσίαι,
654 1459 759 1504 πῆμα
792 1459 831 1494 δὲ
855 1457 951 1494 εἶναι

150 1504 193 1541 τὸ
217 1504 255 1540 ἐκ
278 1507 341 1550 τῆς
362 1506 451 1550 δύης
465 1518 496 1539 κ.
515 1508 579 1547 τῆς
597 1504 684 1563 ἄτης
702 1504 826 1540 κακόν.
861 1506 948 1545 ἴσως

151 1549 191 1587 δε
211 1551 272 1587 καὶ
290 1551 580 1608 περιφραστικῶς
603 1551 713 1594 ἄτης
733 1553 809 1596 πῆ
806 1565 863 1586 αα
886 1551 948 1587 καὶ

152 1595 270 1655 δύης
292 1599 420 1642 πῆμα
451 1595 474 1642 ἡ
499 1596 577 1649 ἅτη
593 1597 686 1641 αὐτή
713 1611 744 1632 n.
768 1597 790 1639 ἡ
816 1596 946 1653 βλαβη,

151 1657 202 1683 ως
230 1644 292 1679 καὶ
324 1643 519 1680 δούλιον
550 1649 672 1689 η’μαρ
707 1641 949 1687 (342,11.ζ’,

150 1690 237 1732 463)
261 1689 283 1734 ἡ
307 1691 466 1726 δουλεία.

195 1734 316 1771 341-
324 1738 404 1772 353.
441 1733 535 1771 ἀλλ’
560 1734 648 1775 ότε
673 1735 784 1778 igitur
799 1735 947 1789 ᾳιιαηᾱο,

151 1784 188 1815 ut
206 1782 285 1817 303.
319 1782 430 1817 'Ihuc.
451 1785 482 1822 1,
501 1784 577 1818 26.ε
605 1781 642 1815 οἱ.
660 1780 699 1816 δὲ
716 1779 948 1836 Ἐπιδάμνιοι

151 1825 262 1862 ούδεν
294 1826 418 1863 αὐτων
449 1825 675 1872 ὑπήκουσαν.
724 1823 814 1861 ἀλλά
839 1838 948 1869 στρα-

149 1873 321 1912 τεύουσιν
343 1872 402 1910 ἐπ’
428 1873 567 1914 αὐτούς
589 1887 623 1908 οι
643 1875 862 1915 Κερκυραῖοι
882 1878 946 1906 etc.

150 1941 196 1947 —
219 1919 673 1977 περιμηχανόωντο,
712 1919 947 1952 moliebantur.

176 1967 300 2010 2.,00
329 1986 373 1992 -
414 1965 536 2010 ἀμφὶ
559 1985 604 1990 -—-
628 1963 860 2019 ῥωγαλέα.
902 1976 946 2004 ν,

150 1981 238 2055 434,
263 2014 295 2048 5.
315 2032 360 2037 -
402 2011 557 2057 ὅρηαι.
593 2022 624 2044 v.
651 2011 750 2043 Sem
777 2022 810 2042 v.
834 2006 945 2053 ὁράω.

155 2080 192 2086 -
229 2057 464 2102 ἑσπέριοι,
486 2056 687 2101 vespertini,
713 2056 859 2108 vesperi.
896 2056 946 2088 ita

153 2105 282 2139 Graeci
304 2109 435 2139 mutare
458 2103 567 2137 solent
598 2101 761 2136 adverbia
793 2100 827 2134 iu
852 2100 945 2143 adje-

152 2151 266 2186 ctiva·
288 2162 320 2185 v
343 2151 431 2188 259,
459 2147 515 2195 β’,
539 2149 606 2184 357
628 2153 694 2181 etc.
716 2166 761 2171 ——-
794 2145 944 2181 εὕδει-

153 2196 269 2233 mov.
307 2195 351 2242 β’,
377 2197 454 2231 167.
474 2214 517 2219 --
552 2193 678 2237 ἔργα,
702 2203 822 2248 agros:
853 2191 946 2236 peri-

178 2241 284 2276 brasis
296 2249 421 2276 terrae.
434 2261 477 2267 —
496 2240 549 2273 Ε.
568 2239 658 2282 λέγει
676 2251 729 2284 νη
742 2235 760 2272 6
773 2251 790 2278 ς
807 2235 945 2272 ὅπλον

152 2254 421 2330 ἐϋστρεφὲς
444 2286 484 2321 τὸ
522 2287 698 2341 σχοινίον,
742 2280 823 2328 (φ’,
847 2284 945 2318 390..

151 2335 250 2369 κεῖτο
275 2331 315 2367 δ’
333 2331 397 2368 ὑπ’
423 2330 583 2387 αἰθούσῃ
609 2329 752 2366 ὅπλον
775 2328 856 2368 νεὸς
877 2325 946 2371 οἷμ-

97 2393 106 2409 ‘·
153 2381 337 2424 φιελίσσης
369 2376 627 2432 Βύβλινον,
663 2376 690 2421 ᾠ
724 2371 764 2419 ῥ’
796 2373 946 2418 ἐπέδησε

152 2425 285 2469 θύρας.
329 2426 412 2470 Apa
437 2423 553 2459 ὅπλα
575 2420 621 2457 τὰ
645 2410 821 2464 πολεμικοὶ
843 2420 946 2464 λέγει,

151 2472 213 2507 καὶ
235 2470 281 2507 τοὶ
304 2471 369 2515 τῆς
391 2482 481 2510 νεως
505 2468 656 2524 σχοινία,
680 2480 712 2501 κ.
731 2466 776 2501 τοὶ
797 2470 945 2510 χαλκευ-

151 2531 235 2553 τικα
257 2515 454 2561 ἐργαλεῖα.)
477 2527 508 2549 κ.
532 2512 572 2549 τὸ
593 2514 700 2548 λῦσαι
721 2513 789 2547 τοῦ
810 2512 946 2555 δεσμοῦ

152 2562 396 2621 ἀναγνάμψαι
421 2561 460 2596 ἐν
490 2560 541 2606 τῷ
572 2557 716 2600 αύτοὶρ
748 2557 853 2614 ἐμοὶ
874 2560 944 2593 δε-

151 2608 271 2653 σμὸν
316 2595 590 2651 ἀνέγναμψε
634 2601 749 2643 θεὸς
795 2616 851 2638 αν
867 2616 945 2644 τος

151 2656 220 2699 (ita
241 2655 320 2688 deos
343 2653 378 2687 in
409 2654 508 2687 deum
533 2655 662 2685 mutare
691 2649 776 2682 solet
800 2649 854 2682 hic
883 2661 944 2682 no-

151 2705 222 2734 ster
255 2698 560 2751 Archiepiscopus:
602 2696 645 2728 cs.
679 2705 755 2728 eum
789 2703 866 2727 ann.
899 2694 943 2728 ad

151 2748 237 2786 359,
268 2746 337 2780 396
366 2745 473 2785 etc.)·
515 2739 536 2787 ἡ
572 2753 638 2784 μεν
663 2753 748 2796 γαρ
783 2737 945 2779 σύνδεσις

151 2789 298 2834 καμπὴν
321 2787 401 2845 ἕξει,
418 2787 447 2832 ἡ
472 2786 511 2823 δὲ
534 2787 633 2826 λύσις
651 2784 891 2828 ἀνακάμπτει.
905 2804 941 2809 -

152 2834 317 2880 κατάῥ.
327 2831 671 2890 ἀμφικαλύψας,
688 2833 944 2875 καταμφικαλἿ

153 2888 192 2917 ut
214 2879 526 2926 καταμφιένννμι,
549 2880 792 2923 καταμπίσχω.
814 2896 855 2902 -
879 2877 943 2920 Ap.

765 1060 809 1102 οἱ
838 1058 884 1102 δε
921 1058 1086 1116 μεγάλα
1115 1058 1389 1114 στενάχοντες

995 1229 1147 1265 emenda
1184 1227 1457 1274 ἐφόλκαιον.
1490 1224 1685 1284 ἐφόλκιον,
1718 1224 1794 1263 ἀπὸ

995 1279 1062 1312 τοῦ
1095 1274 1159 1312 διά
1189 1275 1324 1311 τούτου
1349 1274 1566 1320 ἐφέλκεσθαι
1595 1273 1662 1319 τήν
1685 1275 1793 1308 ναῦν.

995 1324 1164 1367 σημαίνει
1188 1320 1227 1357 δὲ
1251 1322 1410 1366 καράβια
1438 1321 1609 1365 (Isidorus
1633 1320 1668 1353 in
1691 1320 1798 1354 Glos-

995 1370 1060 1403 sis:
1086 1370 1242 1409 carabus,
1264 1380 1375 1413 parva
1397 1369 1526 1412 scapha
1551 1378 1590 1400 ex
1614 1366 1738 1403 vimine
1761 1371 1794 1400 et

996 1416 1113 1458 corio)
1138 1413 1261 1471 μικρά.
1297 1414 1331 1449 οι
1357 1411 1415 1455 δε,
1439 1413 1480 1449 vd
1501 1409 1708 1470 πηδάλιον,
1732 1412 1795 1448 καὶ

993 1462 1132 1505 μαλλον
1155 1459 1260 1496 τοῦτ’
1290 1459 1336 1495 ἂν
1359 1461 1433 1505 εἴη·
1465 1457 1511 1495 ου’
1543 1457 1612 1504 γάρ
1637 1458 1798 1516 ἐφολκίιρ

995 1506 1153 1551 ἐχρῶντο
1175 1505 1267 1542 τότε.
1300 1507 1351 1540 Ε.
1363 1504 1637 1564 ἐφόλκαιον
1659 1504 1701 1541 τὸ
1724 1518 1795 1550 πη·
1853 1531 1856 1540 .

994 1553 1121 1589 δάλιον
1144 1552 1265 1608 λέγει,
1280 1565 1328 1593 ως
1351 1549 1492 1596 ἀρέσκει
1509 1555 1588 1592 τοῖς
1610 1555 1794 1594 παλαιοῖς,
1855 1592 1856 1597 ¹

993 1599 1094 1643 παρὰ
1126 1599 1169 1633 τὸ
1199 1597 1415 1640 ἐφέλκεσθαι
1447 1600 1493 1645 τῇ
1516 1599 1591 1653 νηῖ.
1640 1598 1700 1634 διὸ
1731 1597 1795 1633 καὶ
1854 1603 1856 1611 ’

994 1645 1164 1688 ξεστόν
1197 1643 1289 1679 αὐτό
1302 1642 1527 1703 φησιν,ού
1556 1643 1630 1690 μὴν
1653 1648 1793 1702 γλαφυ-
1854 1640 1856 1655 “

994 1691 1079 1735 ρόν,
1104 1689 1126 1735 ἢ
1148 1690 1271 1735 μέλαν,
1296 1689 1319 1735 ἣ
1343 1690 1428 1726 σ’ίλλο
1453 1704 1488 1725 τι
1507 1693 1580 1724 τῶν
1604 1695 1684 1732 ταῖς
1703 1704 1793 1726 ναυ-
1854 1686 1856 1702 ⁸

994 1738 1049 1772 σὶν
1082 1735 1353 1780 ἐπιτιθεμένων.
1378 1756 1419 1761 -
1466 1736 1620 1771 similiter
1643 1738 1725 1771 Sch.
1748 1758 1794 1764 —

993 1782 1229 1819 ἐπέλασσα
1263 1801 1303 1806 -
1339 1781 1613 1826 νηχόμενος.
1660 1784 1793 1818 descri-

994 1831 1065 1874 ptio
1099 1830 1266 1872 graphica
1286 1829 1445 1862 natandi.
1493 1828 1728 1873 διήρεσσοι
1750 1831 1791 1865 A.

993 1878 1048 1916 2.,
1076 1876 1140 1917 W,
1163 1876 1225 1909 B.:

993 1933 1024 1954 v.
1049 1918 1105 1964 μ’,
1130 1900 1210 1955 444.

1036 1988 1114 2024 354.
1160 1986 1348 2033 θύρηθ’.
1385 1988 1417 2022 h
1441 2002 1471 2024 e.
1495 1987 1666 2044 θύρηθε,
1692 1993 1794 2035 foris,

992 2040 1091 2068 extra
1115 2045 1245 2078 aquam.
1294 2034 1343 2068 sio
1370 2037 1406 2069 A.
1427 2036 1460 2070 3.
1485 2041 1519 2069 et
1543 2036 1676 2080 priscae
1700 2037 1792 2079 edd„

991 2085 1083 2113 certe
1107 2080 1180 2113 Ald.
1199 2081 1232 2114 3.
1257 2080 1357 2114 etiam
1381 2082 1447 2124 Ap.
1465 2081 1616 2115 emenda
1631 2063 1792 2136 θύρηθ’

991 2124 1042 2159 ἔα
1099 2124 1165 2167 ἐξω
1213 2122 1320 2169 ἤμην.
1375 2137 1491 2159 verum
1536 2127 1641 2160 ceteri
1688 2129 1787 2164 codd.

991 2170 1156 2212 Vindob„
1190 2172 1330 2216 Steph„
1361 2171 1536 2215 Berg!er.‚
1563 2172 1687 2216 Barn.,
1711 2175 1787 2210 Ol..

990 2216 1152 2272 θύρῃφζ
1179 2229 1238 2261 pro
1259 2216 1313 2251 θι’
1306 2230 1418 2262 ·ρῃφι
1443 2198 1536 2261 quo6
1557 2218 1660 2252 habet
1685 2222 1787 2265 poiita

992 2261 1028 2303 ι’,
1052 2263 1129 2298 238.
1153 2270 1223 2307 etz
1235 2266 1361 2305 ,22ος
1389 2263 1531 2307 fierique
1555 2275 1636 2297 sane
1661 2270 1786 2308 potest,

991 2308 1024 2341 id
1050 2313 1086 2341 ut
1109 2277 1223 2342 etiamn
1235 2289 1269 2342 ⁹h.
1295 2309 1317 2342 l.
1340 2309 1585 2342 restituendum
1615 2309 1679 2351 sit,
1712 2323 1787 2345 cum

991 2356 1021 2387 θ
1044 2358 1078 2386 et
1098 2367 1126 2397 <p
1147 2354 1278 2387 litteras
1301 2354 1457 2387 confundi
1481 2354 1590 2388 solere
1613 2366 1709 2390 nemo
1728 2369 1789 2390 ne-

991 2399 1088 2432 sciat.
1136 2410 1167 2432 v.
1194 2411 1269 2433 ann.
1300 2400 1342 2433 ad
1377 2402 1446 2432 Αιιι.
1473 2399 1518 2438 Q.
1542 2398 1591 2441 κ’,
1618 2404 1684 2442 10,
1715 2405 1786 2435 Ae-

991 2443 1097 2487 schyli
1123 2445 1208 2477 Cho.
1231 2446 1317 2485 566,
1352 2445 1532 2478 Hermann.
1558 2446 1601 2479 ad
1627 2447 1785 2504 Theogn.

989 2491 1057 2524 258
1081 2493 1146 2522 etc.
1194 2470 1317 2546 quodsi,
1346 2490 1521 2534 genuinum
1549 2495 1600 2524 est
1621 2490 1785 2537 θύρηθ’,

990 2535 1262 2570 annumerabitur
1286 2534 1386 2578 ἅπαξ
1410 2535 1624 2579 εἰρημένοις.
1655 2555 1697 2563 -
1734 2537 1786 2573 ἐά

992 2579 1151 2634 ἀμφίς.
1193 2581 1286 2615 hiatu
1312 2581 1498 2615 carebimus
1522 2582 1701 2618 scribendo
1723 2583 1787 2620 ἔον

989 2623 1026 2661 οἱ.
1065 2638 1098 2659 v.
1121 2637 1197 2660 ann.
1222 2627 1264 2661 ad
1286 2627 1365 2661 224.

1033 2693 1152 2728 355
1164 2695 1242 2729 361.
1289 2695 1311 2728 6
1320 2706 1340 2736 ρ
1351 2693 1366 2728 ι’
1374 2706 1394 2729 ο
1407 2707 1424 2735 ς
1447 2694 1627 2730 Eustathio
1644 2701 1698 2732 est
1717 2696 1784 2733 δά-

990 2748 1062 2778 σος.
1104 2739 1366 2783 An1.Q.:3<›
1353 2753 1365 2773 ι
1377 2752 1396 2774 ο
1408 2753 1436 2780 ς.
1452 2739 1694 2794 σύνδενδρον
1714 2757 1783 2787 χω-

989 2785 1069 2826 ρίον
1078 2808 1088 2826 ,
1123 2783 1290 2828 δρυιόδης
1323 2785 1383 2820 καὶ
1416 2783 1561 2828 σύσκιος
1592 2787 1716 2829 τόπος.
1737 2807 1782 2814 --

989 2830 1301 2871 πολυανθέος.
1341 2830 1597 2876 πολυφὺλλον,
1621 2845 1641 2867 a
1664 2845 1784 2868 couse-

991 2880 1124 2919 quente.
1150 2894 1195 2902 -
1227 2887 1248 2911 6
1257 2890 1277 2911 τ
1289 2889 1305 2911 ε
1314 2889 1335 2911 ν
1345 2877 1368 2911 ά
1377 2890 1397 2921 χ
1408 2890 1426 2912 ο
1438 2890 1459 2912 ν
1468 2891 1488 2912 τ
1498 2890 1514 2913 ε
1524 2890 1542 2918 ς
1554 2901 1564 2920 ,
1595 2885 1782 2924 gementes,

1261 1872 1432 1920 62259200'.
1481 1875 1600 1920 vulgo:
1627 1876 1791 1922 διήρεσα.
