1856 3282
524 111 1106 153 ΟΔΥΣΣΕΙΑΣ
1161 111 1208 151 B.

1042 0 1053 37 1

1641 115 1697 153 57

205 221 398 274 ὤφελες]
427 219 510 263 οὐκ
539 219 597 264 οἶν
624 219 760 264 τόσσα
788 219 1076 290 θεοπροπέων
1106 217 1326 290 ἀγόρευες,

98 281 175 322 185
207 276 311 321 οὐδέ
342 293 389 320 κε
423 278 671 334 Τηλέμαχον
700 277 1010 351 κεχολωμένον
1029 273 1112 319 ὧδ’
1141 274 1321 332 ἀνιείης,

206 338 270 390 σῷ
299 335 405 389 οἴκῳ
435 336 581 388 δῶρον
608 334 940 388 ποτιδέγμενος,
972 335 1020 376 αι’
1046 349 1093 376 κε
1124 333 1326 390 πόρησιν.

205 379 302 433 ἀλλ’
337 391 385 434 ἐκ
414 407 482 433 τοι
511 391 642 443 ἐρέω,
677 391 726 434 τὸ
758 391 804 434 δὲ
833 391 908 432 καὶ
936 389 1238 444 τετελεσμένον
1268 389 1407 433 ε’σται·

207 449 256 489 αἴ
278 462 327 489 κε
356 446 572 501 νεώτερον
602 447 769 500 ἄνδρα,
799 446 967 489 παλαιά
996 463 1040 490 τε
1070 445 1214 489 πολλά
1248 463 1292 489 τε
1322 447 1459 499 εἰδώς,

204 503 493 559 παρφάμενος
524 505 717 547 ἐπέεσσιν
746 503 990 573 ἐποτρύνῃς
1017 505 1308 559 χαλεπαίνειν,

98 566 176 606 190
208 560 326 614 αὐτῷ
351 561 432 616 μέν
463 563 507 604 οἱ
534 564 712 614 πρῶτον
743 559 1055 615 ἀνιηρέστερον
1084 560 1226 603 ε’σται·

206 619 220 653 Γ
206 620 390 672 πρηξαι
420 617 463 660 δ’
495 617 628 673 ε’μπης
658 616 754 659 οὔτι
785 616 1017 672 δυνήσεται
1046 619 1190 686 εἴγεκοι
1219 617 1379 659 τῶνδε·
1394 619 1409 670 ]

209 674 280 716 σοὶ
311 674 378 723 ὁε,
409 673 561 745 γέρον,
593 674 718 732 θωὴν
749 674 1046 729 ἐπιθήσομεν,
1077 672 1134 729 ἥν
1163 671 1212 716 κ’
1244 673 1309 716 ἐνὶ
1338 677 1471 730 θυμῷ

205 732 340 773 τίνων
366 729 598 802 ἀσχάλλῃς·
631 730 818 786 χαλεπὸν
848 731 893 772 δέ
923 747 991 773 τοι
1023 730 1192 773 ε’σσεται
1222 729 1366 784 ἄλγος.

180 787 447 858 *Τηλεμάχῳ
478 786 520 831 6'
553 788 600 830 ἐν
629 792 765 830 πᾶσιν
795 786 907 841 ἐγών
935 787 1220 857 ὑποθήσομαι
1250 785 1404 837 αὐτός·

99 847 178 890 195
208 843 360 900 μητέρ’
389 845 465 899 ἑήν
494 844 537 894 ές
565 845 730 897 πατρὸς
759 843 961 898 ἀνωγέτω
992 843 1278 887 ἀπονέεσθαι·

206 902 251 943 οἱ
283 901 327 943 δὲ
355 900 500 971 γάμον
529 901 751 973 τεύξουσι,
785 901 858 943 καὶ
888 900 1182 955 ἀρτυνέουσιν
1211 900 1338 943 εἐδνα

202 956 344 1000 πολλοὶ
376 955 483 1012 μάλ’
498 989 509 1008 ,
541 956 653 1000 ὅσσα
684 958 796 1001 εὀικε
823 959 953 1012 φίλης
983 957 1051 1000 ἐπὶ
1079 957 1237 1007 παιδὸς
1267 956 1462 1000 ε’.πεσθαι

206 1011 260 1056 οὐ
289 1013 373 1082 γὰρ
403 1014 508 1067 πρὶν
539 1014 790 1058 παύσεσθαι
820 1014 967 1067 ὀΐομαι
997 1012 1098 1065 υἷας
1124 1013 1305 1069 Ἀχαιῶν

202 1069 422 1143 μνηστύρς
451 1069 686 1126 ἀργαλέης,
717 1071 807 1115 ἐπεὶ
838 1070 992 1115 οὔτινα
1023 1073 1215 1124 δείδιμεν
1245 1070 1397 1139 ἔμπης,

94 1132 177 1172 200
207 1126 305 1172 οὔτ’
338 1129 423 1172 οὐν
457 1128 729 1185 Τηλέμαχον,
761 1127 879 1184 μάλα
907 1144 990 1184 περ
1022 1127 1291 1184 πολύμυθον
1321 1126 1465 1179 ἐόντα,

39 1312 208 1354 θεοπρ.
243 1307 492 1367 ἀγόρευες.
524 1311 564 1346 ΙΙ.
590 1309 644 1353 α’,
671 1313 766 1352 109,
791 1309 850 1357 β’,

40 1358 121 1392 322.
145 1377 191 1382 —
215 1357 317 1390 Sch.=
344 1352 427 1391 ὧδ’
460 1355 526 1391 ἄν.
552 1355 628 1393 ἀπὸ
651 1371 718 1392 του
745 1355 851 1415 ἀνίη-

523 1449 531 1461 ,
579 1450 585 1462 1
649 1447 657 1460 2
704 1450 712 1458 Ι

44 1495 90 1530 τοὶ
112 1493 247 1540 θηρός.
285 1496 328 1529 cf.
356 1496 406 1538 ξ’,
432 1496 513 1539 465,
548 1497 588 1529 Il.
614 1496 653 1538 ε’,
677 1487 758 1537 422,
782 1499 850 1531 882

45 1548 110 1577 etc.
135 1562 180 1566 -—
213 1543 234 1575 6
247 1541 276 1575 ὦ
287 1555 307 1584 ρ
320 1554 338 1575 ο
352 1555 374 1575 ν
417 1556 443 1575 π
458 1555 477 1576 ο
489 1556 520 1577 τ.
558 1543 697 1576 venales
739 1543 849 1576 fuisse

43 1592 168 1629 vates,
191 1587 370 1632 ipsamque
394 1588 576 1632 P3thiam‚
608 1600 704 1622 nemo
727 1590 850 1623 nescit.

43 1645 77 1667 v.
103 1633 176 1667 Cic.
201 1635 244 1667 de
267 1634 347 1669 Div.
376 1635 410 1673 2,
437 1635 483 1668 57
503 1639 571 1668 etc.

93 1682 172 1715 187
220 1693 264 1722 ρ,
289 1682 369 1721 229,
393 1680 434 1714 ΙΙ.
458 1680 505 1725 β’,
530 1680 600 1715 257
623 1684 689 1714 etc.

94 1727 203 1760 188-
210 1728 305 1761 190.
334 1725 529 1761 παλαιά
559 1739 603 1761 τε
634 1740 673 1761 π.
707 1739 754 1762 τε
789 1726 852 1762 εἰ-

47 1772 71 1806 δ
87 1785 155 1813 ως.
203 1772 391 1817 descriptio
434 1773 525 1806 senis
569 1773 760 1819 prudentis.
804 1774 851 1807 cs.

49 1819 104 1852 16.
129 1837 175 1843 —
198 1821 271 1853 Am
288 1818 340 1852 Ε·
364 1817 700 1863 παρφάμενος.
726 1820 784 1862 (ΙΙ.
805 1818 855 1863 μ’,

0 1865 1 1887 ³
46 1864 124 1900 249.
129 1865 145 1904 )
163 1867 404 1908 παραπείσας,
426 1866 767 1910 παραλογισάμενος
786 1872 852 1900 etc.

0 1923 1 1947 ι
47 1929 93 1935 —-
118 1907 474 1968 ἀνιηρέστερον,
499 1913 595 1946 velut
617 1914 660 1946 ab
689 1911 854 1958 ἀιιηρής,

0 1955 1 1964 ’
50 1956 138 1989 dixit
162 1968 223 2002 pro
250 1955 506 2002 α’νιηρότερον,
531 1960 630 1993 metri
655 1959 791 2003 gratia,
818 1965 855 1993 ut

0 2007 1 2035 ἱ
50 2001 98 2036 ait
122 2003 166 2045 E,
193 2004 249 2048 qui
274 2006 396 2039 nubem
423 2005 578 2039 similium
599 2006 854 2050 comparativo-

0 2063 1 2066 *
50 2059 121 2082 rum
154 2055 258 2094 atque
288 2052 573 2107 superlativorum
608 2052 775 2096 protulit,
817 2053 854 2086 in

47 2094 99 2128 his
113 2095 373 2154 αἰδοιέστερον,
398 2096 681 2142 ἀμορφέστατος
703 2097 795 2143 γυνὴ
813 2111 856 2132 ex

48 2141 179 2176 Herod.
211 2141 250 2177 ἐν
286 2143 555 2202 ἀκριβεστέροις
597 2144 855 2190 ἀντιγράφοις,

46 2187 303 2242 δικαιέστερον,
327 2190 590 2234 ἀκρατέστερον
613 2193 656 2225 ab
673 2191 856 2249 ,ἅκρατος,

49 2230 318 2294 ἅλλοιέστερον,
353 2236 632 2282 ἐπιηρεστέραν,
661 2237 853 2283 ἀναγκαιέ-

45 2291 204 2335 στατον,
248 2281 498 2327 ὠραιέσῑατον
542 2297 584 2319 ex
633 2285 853 2340 Epicharmo,

49 2322 485 2380 νπερθυμέστατον
517 2329 709 2375 ἀνδρῶν
737 2344 755 2364 e
773 2333 854 2366 Ste-

52 2372 187 2408 sichoro
206 2400 217 2417 ‚
271 2378 315 2412 οὶ
367 2379 628 2414 Βιαντίὸαι
682 2376 856 2422 ἄνδρες

53 2421 468 2460 σπονδαιέστατοι
528 2424 754 2469 ἐγένοντο
813 2437 856 2458 ex

53 2465 241 2502 Hecataeo
266 2469 401 2505 πόλιν
426 2470 513 2516 (δε)
537 2470 856 2515 θεοφιλεστά-

56 2523 144 2555 την
191 2514 430 2552 Οἰκοῦσιν
468 2517 857 2562 ἀφθονεστάτην

58 2570 102 2592 τε
133 2571 214 2604 χρη
227 2573 320 2604 μασ
337 2575 380 2597 ιν
405 2576 445 2598 ex
471 2565 642 2610 Eupolide
667 2569 733 2598 etc.
764 2565 857 2609 quod

55 2604 202 2639 Atticum
238 2618 336 2650 esse,
368 2610 498 2654 pariter
530 2624 570 2646 ac
605 2610 860 2655 σχηματισμὸν

57 2662 119 2696 per
144 2665 196 2695 ις,
233 2654 326 2687 velut
361 2656 606 2701 Aristophanes
639 2658 725 2691 dixit
749 2659 858 2692 ποτί-

55 2709 184 2733 σταται
208 2699 349 2734 Thesm.
374 2703 467 2745 693„
492 2703 591 2737 Plato
617 2705 857 2760 Cleophonte:

57 2741 119 2780 ’ἶν’
163 2728 516 2800 ἀπαλλαγῶμεν
559 2748 681 2795 ἀνδρ
694 2749 744 2790 ὸς
783 2763 860 2792 αρ-

53 2789 355 2837 παγιστάτου
391 2798 459 2827 etc.
503 2795 547 2828 cf.
591 2797 697 2838 Sch.‚
731 2796 859 2831 Matth.

56 2840 111 2881 55.
138 2840 381 2881 127,128.εί;
405 2851 482 2874 ann.
508 2841 552 2874 ad
577 2843 657 2877 350.

100 2886 177 2921 191.
224 2896 344 2919 versus
377 2886 552 2920 sublestae
584 2888 687 2930 fidei,
723 2893 764 2922 ut
792 2899 860 2933 quo

53 2934 195 2965 careant
217 2932 256 2964 A.
281 2934 315 2968 2.
339 2936 374 2965 et
399 2933 444 2972 5,
477 2933 570 2976 cujus
575 2945 642 2977 que
665 2933 790 2968 nullum
814 2935 861 2969 sit

55 2977 234 3022 vestigium
265 2977 300 3012 in
335 2978 487 3013 scholiis.
523 2979 697 3014 sublectus
721 2981 860 3015 videtur

896 1311 939 1345 Il.
972 1310 1028 1351 α’,
1062 1312 1164 1354 562.,
1205 1310 1283 1345 aliis
1316 1309 1409 1344 aliud
1451 1309 1705 1355 supplentibus,

897 1358 992 1392 velut
1015 1357 1050 1391 in
1074 1359 1112 1392 A.
1139 1357 1173 1392 4.
1210 1362 1246 1391 et
1270 1369 1338 1392 uno
1373 1357 1449 1390 MS.
1474 1355 1632 1390 Barnesii
1657 1355 1707 1389 le-

898 1404 1014 1448 gitur:
1046 1424 1091 1428 —
1125 1402 1325 1447 δυνήσεται.
1356 1401 1437 1443 οἶος
1469 1399 1540 1438 ἀπ’
1573 1400 1705 1438 ἄλλων.

897 1451 992 1484 uncis
1014 1450 1151 1485 inclusit
1175 1451 1234 1486 W.

946 1519 1024 1560 192,
1052 1519 1130 1553 193.
1180 1521 1265 1575 Ap:
1289 1517 1454 1563 θ’ῳὴν,
1479 1518 1614 1562 ζημίαν
1639 1522 1707 1551 etc.

899 1565 1075 1600 mulctam.
1102 1565 1153 1598 E:
1177 1563 1220 1600 τὸ
1246 1563 1286 1599 δε
1310 1564 1451 1610 θῳὴν
1475 1562 1710 1619 ἐπιθήσο-

897 1622 984 1654 μεν
1024 1610 1162 1652 τρόπος
1196 1599 1436 1654 ἐτυμολογίας
1470 1611 1588 1647 ἐστίν·
1635 1608 1709 1645 ἀπὸ

897 1657 967 1692 τοῦ
989 1657 1132 1692 θέσθαι
1154 1657 1224 1702 γάρ
1247 1656 1269 1702 ἡ
1296 1658 1394 1703 θῳή.
1430 1659 1474 1692 cf.
1500 1670 1576 1693 ann
1601 1657 1645 1691 ad
1669 1658 1710 1690 Il.

898 1702 950 1745 ν’,
987 1704 1067 1740 669.
1091 1723 1137 1728 -
1161 1703 1433 1761 ἀσχάλλῃς,
1464 1717 1572 1748 aetrrc
1599 1707 1712 1747 feras.

898 1753 971 1784 Am.
997 1751 1062 1790 Q.·
1079 1749 1407 1810 -οἷσχαλλείςκ
1433 1752 1575 1794 (scriba
1600 1749 1713 1794 ἀσχα-

901 1800 984 1835 λεῖς.
1023 1798 1171 1841 Buttm.)
1197 1801 1281 1842 ἠτοι
1315 1800 1561 1843 δυσχερανεῒς.
1593 1797 1638 1833 cf.
1664 1795 1712 1836 α’,

901 1843 982 1878 304.
1006 1866 1052 1870 —
1083 1856 1157 1885 ,,εν
1192 1846 1364 1886 πᾶσιν,
1403 1857 1519 1878 comm
1544 1845 1711 1878 omuibus.

901 1890 942 1923 ll.
970 1889 1006 1931 ι’,
1033 1892 1130 1925 121·
1141 1887 1244 1949 ὑμῖν
1277 1889 1314 1925 δ’
1350 1890 1390 1927 ἐν
1411 1890 1589 1927 πάντεσσι
1610 1902 1713 1931 περι-

902 1936 1017 1971 κλυτα
1053 1935 1152 1979 δεῦρ’
1189 1936 1376 2004 o'v‘owy'voe.
1414 1939 1459 1972 cf.
1492 1939 1531 1974 Il.
1558 1938 1605 1979 α’,
1632 1939 1712 1978 109,

902 1982 1062 2025 ι’,,528
1086 1982 1137 2025 κ’,
1162 1985 1262 2020 445.ι
1266 1986 1334 2018 *Ε
1362 1986 1410 2021 N.
1448 2004 1492 2010 —·
1527 1982 1713 2029 ὑποθή-

900 2041 1062 2073 σομαι.
1087 2029 1134 2069 α’,
1159 2033 1241 2066 279.

950 2099 1136 2142 194‚195.
1184 2098 1354 2142 αὐτὸς,
1385 2100 1482 2143 ipse,
1517 2111 1627 2155 quam
1642 2099 1711 2132 vim

900 2145 1046 2188 habeat,
1073 2158 1138 2180 non
1163 2146 1340 2191 intelligo,
1373 2146 1553 2191 malimque
1577 2142 1712 2188 αὕτως,

901 2192 935 2225 h.
969 2205 999 2226 e.
1040 2194 1110 2234 sic,
1145 2193 1201 2226 vel
1236 2195 1372 2237 pariter
1408 2199 1511 2237 atque
1543 2193 1712 2227 Antinous

900 2238 1021 2271 suasit.
1050 2251 1082 2272 v.
1115 2250 1192 2272 ann.
1228 2240 1271 2273 ad
1303 2240 1340 2273 Il.
1371 2238 1427 2281 α’,
1453 2240 1531 2274 133.
1555 2259 1601 2264 -
1633 2252 1713 2283 μη-

899 2282 994 2329 τέρ’
1019 2283 1112 2328 εήν.
1144 2285 1195 2319 sic
1228 2286 1366 2320 Alteros
1398 2299 1417 2320 e
1449 2287 1528 2320 cod.
1554 2288 1593 2320 A.
1618 2289 1651 2321 2.
1678 2291 1715 2318 et

900 2333 958 2365 W.
985 2333 1026 2367 A.
1051 2334 1098 2373 3.
1124 2334 1163 2368 Α.
1179 2333 1212 2368 5.
1246 2337 1284 2367 et
1314 2333 1393 2367 olim
1418 2333 1580 2378 vulgatae
1611 2333 1713 2369 edd..

900 2378 1043 2423 μητέρα
1065 2376 1125 2423 ἤν-

952 2449 1139 2489 196,197.
1186 2445 1235 2489 α’,
1261 2449 1342 2489 277,
1370 2450 1452 2484 278.

953 2518 1072 2552 198—
1082 2517 1163 2552 213.
1210 2514 1425 2551 παύσεσθαι
1460 2517 1506 2549 W
1532 2516 1642 2560 etss,
1678 2521 1718 2550 ut.

906 2576 958 2603 ως
988 2562 1176 2598 τελέεσθαι
1201 2560 1268 2598 ὀΐω
1294 2561 1326 2596 α’
1340 2589 1351 2604 ‚
1375 2564 1457 2605 201,
1495 2561 1625 2606 ὀΐομαι
1651 2561 1717 2598 ἅν-

906 2611 977 2652 δρα
1000 2608 1203 2654 χολωσέμεν
1238 2610 1277 2643 11.
1304 2609 1353 2651 α’,
1386 2611 1441 2644 78.
1468 2615 1534 2643 etc.
1560 2608 1638 2643 libri
1663 2614 1717 2642 ta-

906 2668 1001 2690 men:
1036 2655 1279 2695 παύσασθαι,
1314 2655 1404 2700 quod
1443 2655 1544 2689 facile
1574 2655 1718 2695 tuearis,

907 2714 1006 2736 secus
1031 2715 1072 2737 ac
1105 2703 1244 2736 videtur
1269 2670 1463 2735 'Nitzschio-
1499 2714 1531 2736 v.
1563 2702 1717 2737 Lobeck.

908 2749 951 2782 ad
987 2750 1120 2804 Phryn.
1152 2761 1188 2794 p.
1223 2749 1303 2782 751.
1339 2754 1375 2782 et.
1408 2759 1486 2781 ann.
1521 2749 1565 2782 ad
1600 2748 1640 2782 Il.

906 2796 987 2831 235
1012 2815 1057 2821 -—-
1095 2791 1356 2839 ἀργαλέης,
1391 2795 1549 2840 χαλεπῆς
1579 2795 1644 2839 (ΙΙ.
1663 2761 1718 2836 α’,

906 2842 974 2895 589
1004 2842 1112 2885 εἴση)
1145 2842 1310 2875 molestae
1343 2845 1378 2874 et
1416 2841 1643 2883 Telemacho,
1685 2844 1720 2874 et

906 2887 992 2946 ipsis
1023 2888 1159 2932 proci5‚
1191 2887 1253 2922 sed
1284 2887 1392 2931 magis
1429 2887 1653 2923 Telemacho.
1673 2906 1718 2911 —

905 2932 1084 2978 ε’μπης,
1126 2945 1274 2990 prorsus.
1321 2945 1355 2968 v.
1391 2945 1469 2967 ann.
1508 2935 1552 2968 ad
1585 2935 1624 2968 Il.
1658 2946 1717 2977 μ,

904 2980 986 3017 326.
1009 2999 1053 3005 —-
1079 2978 1180 3016 οὔτ’
1207 2974 1292 3015 οὖν
1312 3000 1354 3005 -
1377 2978 1562 3016 οὕτε-.
1589 2992 1717 3027 epexe-
