1856 3282
179 505 253 539 filii.

93 1083 175 1124 330
207 1077 366 1121 οὕνεκα
401 1079 645 1148 Τηλέμαχος
673 1081 751 1136 μὲν
780 1079 849 1123 ἐπ’

63 1751 201 1818 ,418..
224 1778 411 1832 νηλητεῒς,
431 1789 532 1834 quam
557 1782 593 1813 et
615 1779 696 1814 Sch.
722 1780 839 1815 habet.

32 1836 82 1863 ως
115 1821 188 1859 ἀπὸ
214 1825 284 1860 τοῦ
313 1822 481 1883 εὐσεβής,
501 1824 643 1881 inquit,
678 1823 839 1882 εὐσεβέες

31 1866 213 1926 εὐσεβεῖς,
247 1869 366 1912 οὕτως
396 1870 457 1906 καὶ
488 1867 563 1911 ἀπὸ
588 1873 657 1907 τοῦ
680 1871 838 1929 νηλητὴς

30 1915 222 1975 νηλητὲες,
260 1920 436 1962 νηλητεῖς.
492 1918 631 1961 γίνεται
664 1917 703 1954 δὲ
734 1919 838 1961 παρά

29 1962 73 1998 τό
99 1975 144 2007 νη
170 1963 380 2019 στερητικὸν
407 1960 542 2017 μόριον
565 1978 596 1999 κ.
622 1963 662 1999 τό
688 1964 837 2007 ἀλιτεῖν,

31 2006 52 2046 3
71 2010 240 2065 σημαίνει
265 2009 305 2046 τό
325 2007 559 2054 ἀμαρτάνειν.
590 2009 651 2045 καὶ
669 2009 732 2046 διά
749 2011 838 2046 τοῦ·

29 2069 94 2098 το,
118 2057 188 2091 τοῦ
213 2052 350 2092 ἀλιτεῖν
375 2056 439 2091 διαὶ
464 2056 534 2090 τοῦ
557 2070 570 2091 ι
589 2057 837 2114 γραφομένου

29 2100 74 2138 τό
99 2101 256 2160 νηλητής
278 2099 460 2159 γράφεται
484 2101 548 2137 διὰ
572 2104 640 2138 τοῦ
665 2117 700 2148 η,
723 2101 820 2139 ότιο
801 2103 837 2138 οἱ

31 2150 175 2188 Αἰολεῖς
198 2147 357 2193 ἔτραπον
377 2147 418 2184 τὸ
444 2163 457 2183 ι
482 2149 533 2189 εἰς
556 2162 591 2192 η.
638 2161 752 2184 verum
772 2149 839 2183 ista

32 2195 123 2230 ratio
148 2195 281 2229 incerta
301 2200 366 2238 est,
392 2206 535 2240 cumque
555 2195 596 2237 τ’,
616 2195 695 2231 498.
730 2198 769 2229 Α.
791 2200 837 2237 1,

34 2240 159 2294 aliique
182 2241 279 2274 codd.
292 2266 303 2282 ‚
330 2246 470 2275 notante
493 2241 705 2285 Euanthia,
730 2246 765 2275 et
788 2220 837 2275 ibi

35 2290 71 2319 et
94 2282 138 2329 χ’,
161 2285 264 2327 418.,
298 2286 421 2332 quibus
443 2287 478 2320 in
500 2286 586 2320 locis
609 2288 695 2320 haec
718 2287 836 2321 itidem

34 2332 212 2376 leguntur,
244 2332 394 2366 habeant
418 2332 614 2374 νηλίτιδες,
650 2332 836 2374 videamus,

0 2403 1 2409 ,
35 2389 77 2411 an
100 2377 290 2432 ponendum
311 2378 357 2411 sit
373 2377 574 2422 νηλήτιδες,
597 2390 617 2412 a
633 2391 678 2422 νη
697 2386 731 2413 et
748 2377 837 2422 ἀλῆ-

35 2436 111 2464 τις,
154 2424 276 2457 mulier
312 2425 558 2471 circumvaga,
598 2424 838 2478 francogallice

35 2480 102 2503 une
125 2480 305 2510 courense,
338 2481 423 2513 quae
448 2469 611 2503 discurrit
634 2470 721 2503 inter
746 2471 838 2503 viros

35 2517 196 2558 quaestus
228 2515 352 2560 gratia
401 2516 564 2559 ejusmodi
595 2516 700 2549 fuisse
725 2516 839 2560 plures

33 2560 228 2605 Penelopae
260 2560 421 2601 ancillas,
456 2573 528 2595 cum
565 2573 607 2595 ex
641 2561 675 2596 ν’
687 2588 696 2604 ,
728 2564 805 2595 6—-
819 2563 840 2595 8

34 2606 179 2649 aliisque
202 2606 285 2641 locis
308 2606 404 2649 hujus
431 2607 606 2647 carminis,
638 2612 707 2642 tum
731 2606 840 2660 inpri-

35 2651 97 2685 mis
121 2662 163 2684 ex
188 2650 217 2695 χ’
222 2675 232 2695 ,
254 2652 445 2687 421-425.
470 2652 684 2696 intelligitur.
722 2664 743 2686 a
764 2652 839 2695 qui-

36 2698 101 2730 bus
125 2697 283 2731 diversae
312 2697 481 2738 moribus,
516 2700 647 2742 probae
679 2710 719 2732 ac
743 2698 839 2731 labo-

36 2741 148 2776 riosae
172 2748 209 2777 et
231 2743 324 2776 velut
343 2743 558 2777 sedentariae
582 2749 664 2788 apte
687 2748 723 2776 et
746 2742 837 2777 ἀνα-

36 2789 190 2830 λογικοῖς
211 2789 356 2822 formato
374 2789 479 2822 verbo
502 2789 715 2823 vocabuntur
731 2788 838 2834 νηλή-

36 2835 144 2873 τιδες.
193 2834 279 2869 male
303 2835 645 2878 801ι.;νηλιτεῑς
669 2839 838 2878 σημαίνει

35 2879 126 2920 τούς
155 2876 408 2923 ἁμαρτωλούς.
448 2891 481 2914 v.
513 2880 640 2914 Buttm.
669 2880 779 2915 Lcaeil.
806 2883 836 2916 1.

37 2926 345 2980 p.180‚ann.2.

80 2971 162 3013 319,
185 2972 243 3008 20
283 2967 468 3015 ὕστερα,
490 2967 656 3017 ὕστερον,
675 2977 762 3018 post
784 2969 837 3014 θ’,

530 136 1219 181 ΟΛΤΣΣΕΙΑΣΠ.
1603 142 1686 183 263

213 246 388 300 ἀνδρῶν
415 243 461 288 6’
491 261 574 289 ουκ
603 245 660 290 ἀν
688 245 820 300 ε’γωγε
849 246 957 290 κατὰ
985 247 1211 301 σταθμους
1238 248 1430 306 ἐθέλοιμι

213 301 348 373 ἡμέας
359 300 614 372 πειράζειν,
645 300 738 346 ἀλλ’
769 302 928 355 ὕστερα
957 306 1092 346 ταῦτα
1120 304 1341 357 πένεσθαι,

101 364 183 403 320
213 361 251 401 εἰ
279 357 397 402 ἐτεόν
425 359 472 413 γέ
502 375 543 401 τι
574 356 707 402 οἶσθα
735 359 845 409 Διός
873 360 1000 414 τέρας
1030 360 1253 415 αἰγιόχοιο.
1267 366 1290 385 “

261 463 386 495 nautae
416 460 451 493 in
481 461 598 494 urbem
621 461 769 495 Ithacam
793 461 923 495 reversi
947 460 1096 494 nuntium
1120 460 1311 508 Penelopae
1342 463 1481 498 mittunt
1502 462 1544 497 de
1568 463 1680 497 reditu

273 571 357 624 ’Ὡς
387 574 431 616 οἱ
450 573 537 645 μὲν
565 576 747 617 τοιαῦτα
775 573 885 627 πρὸς
913 571 1126 628 ἀλλήλους
1153 569 1387 626 ἀγόρευον·

208 626 235 682 ἡ
266 627 310 672 δ’
343 627 417 683 ἄρ’
447 629 580 673 {musac
612 628 838 686 Ἰθάκηνδε
867 629 1096 698 κατήγετο,
1127 632 1234 698 νηῦς
1261 629 1448 700 εὐεργής,

209 684 239 741 ἢ
264 685 368 756 φέρε
403 686 650 757 Τηλέμαχον
682 685 887 729 Πυλόθεν
916 687 988 728 καὶ
1017 684 1182 735 πάντας
1214 684 1418 738 ἑταίρους

211 743 256 783 οἱ
284 740 326 784 6'
360 759 430 786 οτε
457 742 510 798 δή
539 742 713 813 λιμένος
741 741 1036 813 πολυβενθέος
1065 740 1187 791 έντός
1217 741 1377 793 ἵκοντο,

97 800 180 841 825
209 800 295 852 νῆα
322 799 402 850 μὲν
434 800 523 869 οἵγε
552 798 760 870 μέλαιναν
788 797 856 842 ἐπ’
878 796 1084 868 ἠπείροιο
1115 797 1317 850 ἔρυσσαν,

210 853 384 924 [τεύχεα
414 854 459 898 δέ
474 855 571 926 σφ’
603 854 834 898 ἀπένεικαν
861 853 1112 909 ὑπέρθυμοι
1140 852 1426 906 θεράποντες·
1435 854 1450 905 ]

210 909 367 954 αὐτίκα
397 910 438 954 6'
469 911 511 962 ἐς
540 912 747 954 Κλυτίοιο
780 909 917 979 φέρον
945 910 1205 963 περικαλλέα
1235 911 1370 965 δῶρα.

208 965 349 1019 αὐτὰρ
379 966 551 1037 κήρυκα
579 967 774 1021 πρόεσαν
803 966 942 1023 δόμον
971 969 1030 1017 εἰς
1055 965 1282 1022 Ὀδυσῆος,

206 1021 408 1091 ἀγγελίην
438 1022 616 1077 ἐρέοντα
646 1025 885 1095 περίφρονι
900 1024 1203 1094 Πηνελοπείῃ,

885 1079 1047 1135 ἀγροῦ,
1077 1083 1163 1135 νῆα
1195 1075 1236 1121 δ’
1268 1077 1434 1134 ἀνώγει

205 1132 359 1177 ἄστυδ’
391 1135 658 1185 ἀποπλείειν,
691 1138 765 1180 ἵνα
793 1137 852 1190 μή
882 1134 1045 1180 δείσασ’
1077 1153 1141 1179 ενι
1170 1137 1303 1190 θυμῷ

204 1191 366 1260 ἰφθίμη
396 1193 592 1246 βασίλεια
621 1192 741 1245 τέρεν
763 1191 881 1234 κατὰ
911 1191 1106 1243 δάκρυον
1137 1191 1258 1245 εἴβοι.
1364 1195 1367 1198 “

203 1262 262 1289 τω
293 1247 340 1290 δὲ
358 1248 666 1320 συναντήτην,
698 1246 836 1304 κήρυξ
865 1247 938 1291 καὶ
969 1250 1062 1297 δῖος
1091 1244 1310 1302 ὑφορβὸς,

204 1305 281 1373 τῆς
291 1302 444 1374 αὐτῆς
474 1305 584 1348 ἕνεκ’
616 1304 834 1360 ἀγγελίης,
866 1304 1034 1357 ἐρέοντε
1063 1304 1252 1359 γυναικί.

93 1363 175 1406 335
206 1356 302 1406 ἀλλ’
335 1358 405 1402 ὅτε
436 1359 489 1416 δή
522 1361 565 1416 ῥ’
597 1363 745 1404 ι’κοντο
777 1359 916 1429 δόμον
944 1361 1073 1404 θείου
1104 1362 1327 1415 βασιλῆος,

203 1414 342 1469 κήρυξ
370 1416 449 1472 μέν
479 1417 535 1472 ῥα
563 1418 718 1474 μέσῃσι
745 1417 850 1473 μετὰ
879 1420 1078 1487 δμωῇσιν
1108 1417 1268 1460 εἐιπεν

205 1471 347 1528 ,,’Ήδη
376 1489 463 1524 τοι,
494 1476 710 1544 βασίλεια,
743 1476 872 1530 φίλος
902 1474 1003 1526 πάϊς
1033 1472 1308 1541 είλήλουθε.“

203 1531 475 1599 Πηνελοπείῃ
502 1529 549 1573 δ’
581 1529 670 1574 εἷπε
698 1531 897 1603 συβωτης
925 1531 1022 1587 ἄγχι
1051 1528 1279 1584 παραστάς

201 1585 363 1638 πάνθ’,
400 1584 485 1628 ὅσα
517 1589 561 1630 οἱ
590 1589 717 1655 φίλος
746 1587 842 1639 υἷὸς
873 1587 1031 1643 ἀνώγει
1062 1587 1366 1642 μυθήσασθαι

90 1642 172 1686 340
203 1639 344 1697 αὐτὰρ
374 1641 520 1699 ἐπειδη
550 1648 696 1688 πᾶσαν
728 1643 1012 1701 ἐφημοσύνην
1042 1643 1233 1696 ἀπέειπε,

883 1782 952 1817 202
971 1784 1038 1814 etc.
1055 1799 1101 1804 —
1133 1777 1391 1820 πένεσθαι,
1415 1786 1534 1822 agere,
1555 1788 1688 1812 curare.

883 1841 927 1882 γ,
951 1827 1038 1868 428,
1062 1826 1103 1859 ΙΙ.
1127 1825 1178 1868 τ’,
1202 1827 1271 1860 200
1291 1829 1357 1858 etc.
1404 1824 1477 1858 Am.
1502 1823 1565 1857 B.=
1597 1836 1689 1878 μετα

882 1871 951 1918 τὴν
975 1871 1334 1928 μνηστηροκτονίαν,
1368 1867 1452 1913 ἤτοι
1483 1865 1548 1903 ἐάν
1580 1867 1690 1927 γινώ-

883 1932 969 1965 σκῃς
992 1932 1028 1953 τι
1053 1914 1125 1953 ἀπὸ
1150 1917 1325 1973 χρησμοῦ.
1345 1934 1391 1940 -
1422 1915 1472 1948 E:
1497 1915 1541 1950 εἰ
1559 1935 1604 1940 —
1625 1914 1689 1950 τέ·-

883 1979 978 2009 ρας.
1021 1963 1059 2022 ἐξ
1093 1959 1138 1998 οὗ
1174 1961 1313 2019 δηλαδή
1354 1959 1567 2016 ὁρμώμενος
1597 1959 1690 2006 ἔφης

884 2012 990 2055 (260)
1011 2007 1202 2055 ἀμυντορα
1225 2008 1290 2045 τὸν
1316 2009 1392 2044 Δία
1417 2003 1505 2052 ἡμῖν
1528 2006 1688 2043 εσεσθαι.

929 2079 1009 2115 324.
1057 2079 1095 2113 11.
1122 2078 1169 2120 α’,
1195 2077 1276 2113 432.

929 2149 1019 2188 325,
1048 2149 1081 2182 6.
1129 2147 1167 2182 Il.
1193 2144 1239 2187 α’,
1261 2146 1341 2181 485.
1380 2145 1425 2178 cf.
1448 2144 1590 2178 inferius
1608 2146 1688 2188 359,

884 2197 949 2234 60,
974 2193 1064 2226 unde
1085 2203 1215 2225 versum
1237 2193 1316 2226 326.
1343 2193 1408 2224 huc
1432 2190 1610 2235 irrepsisse
1631 2203 1688 2225 ar·

884 2241 1010 2273 bitror.
1036 2249 1110 2271 nam
1136 2237 1255 2271 armati
1282 2242 1380 2270 erant
1405 2236 1520 2280 proci,
1553 2237 1612 2282 qui
1637 2236 1688 2270 in-

882 2286 989 2320 sidias
1018 2289 1217 2318 struxerant
1247 2283 1477 2324 Telemacho,
1509 2293 1575 2316 non
1604 2283 1687 2318 item

883 2332 959 2376 ipse
991 2330 1217 2364 Telemachus
1253 2328 1406 2373 sociique
1437 2328 1523 2372 ejus.
1568 2339 1602 2362 v-
1639 2329 1685 2375 β’,

883 2377 1003 2411 289-
1011 2376 1101 2416 295,
1126 2377 1247 2410 318-
1257 2376 1345 2415 320,
1377 2375 1496 2408 337-
1507 2375 1594 2416 360,
1619 2376 1687 2411 382

884 2423 1032 2465 -387,
1069 2424 1103 2453 et
1127 2421 1173 2455 cf.
1200 2431 1275 2454 ann.
1301 2421 1343 2453 ad
1368 2421 1447 2454 360.
1472 2421 1571 2463 hujus
1596 2420 1686 2455 libri.

885 2479 991 2513 quare
1025 2476 1158 2500 versum
1191 2465 1283 2500 illum
1310 2465 1444 2509 sejunxi
1475 2476 1495 2498 a
1519 2466 1687 2509 genuinis.

930 2536 1048 2572 327-
1059 2535 1138 2570 336.
1180 2535 1251 2568 Αιιι.
1269 2534 1330 2567 B.:
1358 2532 1596 2569 Κλυτίοιο.
1619 2536 1688 2571 τοῦ

884 2581 1024 2624 πατρὸς
1047 2593 1112 2616 του
1136 2581 1326 2622 Πειραίου.
1350 2597 1395 2604 -
1431 2579 1567 2623 δοῦρα,
1596 2581 1689 2616 dona

886 2624 1052 2663 mercedis
1088 2627 1162 2660 loco
1192 2626 1274 2659 data
1307 2636 1369 2670 pro
1399 2635 1487 2658 nave
1518 2627 1687 2670 praebita

886 2695 931 2700 —
955 2671 1149 2713 οὕνεκα,
1180 2684 1248 2707 οτι.
1288 2682 1321 2703 v.
1346 2671 1434 2711 379,
1502 2671 1617 2725 ,216.
1642 2690 1688 2700 -

883 2718 1039 2763 τέρεν
1042 2738 1086 2744 -
1111 2717 1242 2773 εἴβοι.
1284 2715 1324 2749 Il.
1348 2714 1405 2756 π’,
1433 2717 1496 2758 11,
1529 2730 1581 2759 τ,
1605 2718 1685 2753 323.

883 2786 927 2790 -
950 2764 1046 2808 μέσ.
1078 2763 1193 2805 μετά
1218 2762 1447 2806 δμωῇσιν,
1481 2774 1565 2806 quas
1597 2762 1687 2799 inter

883 2810 1027 2847 sedebat
1051 2810 1133 2844 hera
1156 2807 1344 2850 Penelope·
1369 2817 1402 2840 v.
1427 2803 1467 2850 ξ,
1494 2808 1574 2844 307.

884 2888 885 2891 ’
927 2874 1138 2914 340—842.
1187 2873 1507 2929 ἐφημοσύνην.
1537 2873 1586 2919 μ’,
1605 2878 1684 2913 226.

884 2941 929 2949 -
963 2921 1179 2963 ἀπέειπε,
1213 2922 1331 2955 edixit.
1368 2918 1422 2963 α’,
1453 2922 1543 2962 373,
1573 2921 1615 2956 ΙΙ.
1638 2935 1685 2970 η,

883 2968 953 3004 416
976 2973 1045 3002 etc.
1089 2967 1158 3001 alio
1181 2977 1280 3001 sensu
1305 2946 1457 3002 ἀπόεικε
1481 2967 1608 3003 dictum
1630 2975 1686 3009 est

1841 2817 1856 2980 „-.-.t
1844 2542 1856 2704 -τω
1847 2471 1849 2485 a
