1856 3282
574 133 1152 176 ΟΔΤΣΣΕΙΑΣ
1209 131 1254 172 Ο.

1630 125 1714 165 23ἒ)

134 250 215 293 405
246 246 343 290 οὔτι
368 244 637 302 περιπληθὴς
665 244 764 300 λίην
791 243 945 294 τόσον,
974 239 1072 286 ἀλλ’
1103 239 1245 297 ἀγαθὴ
1274 241 1365 296 μὲν,

243 302 446 359 εὔβοτος,
476 302 682 358 εὔμηλος,
713 299 999 356 οἰνοπληθής,
1027 296 1302 353 πολύπυρος·

79 416 136 449 ffir
169 414 293 453 Delos,
328 415 421 448 bloss
453 426 506 448 um
536 414 592 449 die
623 414 787 457 Deutung
817 411 880 445 der

81 461 242 495 eberhalb
266 460 443 504 liegenden
466 460 569 503 Syria
599 460 671 493 sich
694 457 880 492 beunruhi-

81 506 182 550 gend.
216 507 327 546 (velut
349 506 486 550 Menag.
511 506 535 540 l.
560 517 607 539 c.:
633 516 741 546 „sane
763 503 881 546 inepta

81 551 187 593 est,“
217 551 347 595 inquit,
383 551 591 592 „Eustathii
625 548 880 593 interpretatio,

81 597 139 642 qui
172 596 272 630 situm
305 596 428 641 Sy1iae
465 596 517 630 his
551 596 667 630 verbis
708 594 882 639 designari

80 641 274 676 contendit:
308 654 384 676 nam
408 643 541 686 τροπαὶ
565 640 702 686 ηἐλίοιο
727 652 794 674 non
826 651 884 673 oc-

80 699 193 722 casum
218 688 331 731 potius
355 699 453 731 quam
477 693 586 722 ortum
610 707 654 712 —
677 687 884 730 designant“

83 733 168 776 etc.)
209 734 274 766 Ein
292 733 523 777 griechischer
538 732 757 777 Konigssohn
777 732 884 765 einem

83 778 320 822 griechischen
344 779 477 824 Konige
509 779 695 818 verkauft‚
711 789 759 816 ru.
789 776 884 809 nicht

83 824 205 857 einmal
229 825 421 867 ausgeldst,
447 829 584 869 erregte
606 823 708 857 keine
727 821 884 855 Bedenk-

81 869 244 903 lichkeit!
291 870 380 903 Dass
412 883 488 904 man
511 870 678 914 geraubte
701 867 885 901 Menschen

83 926 146 948 nur
179 915 475 949 andersredenden
505 915 656 948 volkern
689 924 762 946 zum
792 913 885 945 Ver-

83 961 168 995 kauf
189 962 310 1001 anbot‚
343 967 473 995 wusste
495 960 582 993 doch
612 960 717 993 sehon
743 959 798 992 die
817 958 887 990 Fo-

83 1006 237 1047 nssoerin,
272 1007 328 1039 die
352 1007 418 1040 den
441 1007 593 1040 Eumaos
616 1016 764 1048 erzogen
790 1004 887 1036 hatte

82 1052 208 1095 (453.).
252 1051 458 1096 Unmoglich
479 1053 609 1086 konnte
630 1050 692 1084 der
714 1049 888 1083 treffliche

83 1097 243 1138 Sauhirt‚
277 1098 346 1130 wie
377 1098 504 1131 Strabo
537 1096 660 1135 meint‚
697 1095 752 1129 ein
781 1094 886 1128 Prinz

80 1154 149 1176 von
185 1142 245 1176 der
277 1143 517 1187 cykladischen
548 1142 636 1176 Insel
660 1141 768 1186 Syros
801 1139 887 1173 sein.

43 1201 46 1203 ·
83 1188 134 1221 Er
166 1189 262 1221 hatte
295 1189 389 1221 nicht
414 1189 538 1231 Delos,
575 1188 671 1220 ware
705 1185 790 1220 auch
825 1185 888 1218 det

83 1233 244 1267 Beiname
260 1233 412 1278 Ortygia
428 1235 533 1267 sehon
551 1232 715 1266 versuo-ht
734 1230 889 1271 worden,

85 1279 120 1313 in
145 1279 337 1313 kunstloser
361 1279 558 1323 Erzahlung
588 1290 625 1312 so
650 1282 818 1322 genaunt3
844 1294 888 1299 —

87 1336 125 1359 er
152 1326 247 1358 hatte
278 1325 372 1358 nicht
403 1325 511 1359 einem
543 1323 771 1368 seekundigen
800 1323 890 1355 Kre-

86 1377 160 1412 ter,
187 1370 300 1403 wofsxr
323 1370 395 1404 sich
421 1371 489 1404 Od.
514 1371 580 1414 gab
607 1369 691 1412 (14,
717 1368 798 1411 199)
835 1367 890 1402 die

86 1417 225 1451 Heimat
236 1416 343 1461 Syros
367 1428 404 1450 so
421 1415 659 1456 umstandlich‚
684 1427 718 1449 u.
736 1415 797 1448 mit
816 1413 890 1447 dem

87 1462 211 1496 Beisaz
244 1473 341 1496 wenn
368 1463 415 1496 du
439 1463 550 1496 ᾱαυοη
574 1462 698 1506 gehdrt
727 1462 805 1494 hast
828 1460 891 1494 be-

87 1508 257 1542 zeichnet.
304 1508 372 1541 Ein
394 1509 590 1553 Ungrieche
623 1518 698 1541 war
731 1518 794 1547 er,
829 1517 891 1549 ge-

88 1553 208 1597 bsxrtig
231 1564 298 1587 von
322 1555 419 1588 einer
443 1555 638 1588 entfcrnten
663 1553 752 1586 Insel
777 1552 892 1596 Syria,

89 1599 158 1641 die,
182 1599 264 1632 weil
288 1599 460 1633 vielleicht
485 1601 572 1633 auch
591 1600 652 1633 der
675 1597 893 1641 Seekundige

89 1645 140 1679 sie
160 1644 254 1678 nicht
271 1657 403 1679 nennen
419 1646 550 1689 gehort,
577 1645 633 1678 die
651 1645 893 1686 Bezeichnung

91 1703 135 1725 zu
168 1691 290 1724 fodern
324 1691 461 1724 schien:
498 1690 549 1725 sie
582 1691 660 1734 lfige
679 1690 805 1734 jenseit
832 1689 894 1721 der

90 1737 284 1770 bekannten
293 1737 532 1771 Sikaneninsel
545 1736 705 1780 Ortygia.
732 1736 786 1769 Ob
800 1735 893 1768 sibri-

91 1793 176 1826 gens
201 1782 297 1816 diese
316 1782 407 1816 Insel
432 1795 474 1816 an
499 1783 561 1816 der
577 1783 716 1816 Grenze
740 1781 801 1814 des
820 1781 896 1814 Un-

91 1829 285 1862 bekannten
317 1828 424 1862 durch
467 1828 524 1862 die
560 1828 747 1873 Volkssage
787 1827 895 1860 falsch

93 1874 265 1908 bestimmt
287 1874 447 1916 worden3
486 1875 529 1909 ob
554 1874 604 1907 sie
628 1874 702 1908 dem
728 1872 896 1914 Gestade‚

94 1920 160 1954 wie
192 1921 308 1964 spater
341 1919 511 1964 Ortygia,
545 1920 792 1964 angewachsen
826 1918 897 1958 sei3

94 1967 139 2000 ob
161 1965 216 1999 ihr
239 1965 350 2000 Name
381 1977 486 2010 sogar
517 1967 579 2000 auf
609 1966 663 1998 die
688 1965 897 2007 Landzunge

94 2011 221 2055 deute,
248 2024 303 2045 wo
328 2012 498 2046 nachmals
519 2013 694 2056 Syrakusa
713 2023 763 2044 am
778 2010 901 2054 Sumpf

94 2058 250 2101 Syrako,
284 2057 459 2091 vielleicht
492 2057 585 2091 einer
608 2058 721 2091 Lache
745 2057 805 2090 der
828 2057 898 2089 An-

95 2104 335 2148 schlammung‚
359 2104 480 2138 erbaut
494 2103 633 2137 wurde:
659 2103 720 2136 das
737 2102 812 2136 sind
837 2113 898 2134 un-

94 2151 186 2182 state
221 2150 496 2193 Vermutungen‚
544 2149 648 2182 deren
686 2149 787 2183 keine
826 2147 899 2181 sich

95 2195 297 2239 begu-finden
320 2195 435 2229 lass&
457 2202 524 2230 etc.
555 2215 591 2220 -
627 2206 757 2229 rursum
782 2194 832 2227 E:
857 2191 899 2227 τὸ

97 2238 138 2275 δὲ
174 2236 257 2274 ὅθι
292 2241 467 2285 τροπαὶ
498 2241 682 2285 ἠελίοιο
715 2240 796 2275 ἀντὶ
831 2238 898 2274 τοῦ

96 2284 242 2329 κειμένη
264 2286 356 2331 πρὸς
382 2287 522 2330 τροπὰς
546 2285 672 2331 ἡλίου,
703 2285 784 2330 ἤτοι
808 2285 901 2329 πρὸς

98 2331 145 2367 τὰ
172 2332 303 2366 δυτικά
325 2331 415 2377 μέρη
447 2335 511 2374 τῆς
533 2332 734 2376 Ὀρτυγίας.
780 2329 836 2368 ὅτι
859 2330 900 2367 δὲ

99 2377 141 2413 τὰ
167 2378 360 2422 τρέπεσθαι
379 2379 440 2414 καὶ
464 2379 524 2415 ἐπὶ
543 2381 611 2415 τοῦ
632 2377 754 2414 δύνειν
770 2382 900 2418 κεῖται,

101 2425 211 2469 δηλοῖ
231 2422 291 2459 ἐπὶ
312 2423 418 2470 ἡλίου
439 2424 567 2470 λεχθὲν
592 2425 649 2469 (λ’,
668 2427 728 2469 18)
754 2424 795 2459 τὸ
821 2422 898 2459 ἀπ’

103 2468 383 2513 οὐρανόθεν
404 2470 754 2516 προτράπηται.
787 2470 904 2515 ἕτεροι

105 2515 148 2571 δεξ
182 2528 274 2562 φασι
304 2516 484 2562 σπήλαιον
521 2518 613 2554 εἶναι
644 2518 736 2559 ἐκεῖ,
779 2516 833 2552 δι’
858 2512 903 2552 οὗ

104 2575 171 2603 τας
194 2563 261 2598 τοῦ
286 2560 412 2618 ἡλίου,
449 2561 499 2605 ὥς
523 2561 635 2605 εἰκὸς,
668 2562 903 2608 ἐσημειοῦντο

104 2609 266 2651 τροπὰς,
301 2623 320 2644 ο
353 2609 415 2645 καὶ
446 2608 552 2655 ἡλίου
586 2610 649 2646 διοὶ
677 2611 786 2645 τοῦτο
811 2608 905 2653 σπη’-

108 2658 215 2690 λαιον
250 2653 391 2700 ἔλεγον,
426 2669 458 2693 κ.
489 2658 600 2692 τοῦτο
633 2657 840 2700 δηλοῦσθαι
868 2655 906 2692 ἐν

107 2703 159 2746 τῷ
191 2699 272 2737 ὅθι
301 2715 364 2746 τρ.
398 2699 484 2746 ῆελ.
532 2703 632 2736 Sch.:
667 2702 761 2738 ἔνθα
794 2702 907 2746 φασὶν

109 2747 204 2784 εἶναι
228 2746 268 2782 τὸ
292 2745 397 2791 ἡλίου
423 2748 612 2791 σπήλαιον,
638 2747 688 2783 δι’
715 2745 760 2784 οὗ
786 2760 908 2792 σημει-

109 2795 241 2830 οῦνται
271 2794 337 2834 τὰς
368 2795 438 2829 τοῦ
467 2793 575 2838 ἡλίου
597 2792 747 2838 τροπάς.
795 2800 830 2828 et
860 2794 906 2826 si-

107 2840 233 2875 militer
255 2842 327 2874 Am.
348 2840 407 2881 Q„
432 2841 496 2874 nisi
521 2840 608 2885 quod
630 2840 717 2874 dixit
736 2837 791 2885 ἡλ.
817 2839 908 2883 σπή-

106 2889 212 2921 λαιον
240 2885 314 2919 sine
343 2886 510 2926 articu103
545 2886 605 2919 sed
639 2886 731 2929 apud
767 2886 907 2919 eundem

105 2932 220 2967 nescio
244 2931 319 2978 quis
343 2930 448 2974 alius,
473 2931 603 2977 pariter
627 2938 729 2976 atque
752 2932 824 2967 Am.
844 2931 907 2965 B.:

926 412 1008 449 οἷον
1025 411 1073 454 ὥς
1088 408 1179 454 πρὸς
1200 409 1266 451 τὰς
1280 408 1419 453 τροπὰς
1438 404 1560 451 ἡλίου,
1583 402 1605 440 ὅ
1624 402 1720 440 ἔστιν

925 458 986 495 ἐπὶ
1017 457 1063 494 τοὶ
1095 454 1225 493 δυτικά
1255 456 1344 499 μέρη
1381 451 1620 498 ὑπεράνωθεν
1658 450 1724 492 τῆς

928 505 1064 550 Δήλου.
1119 504 1221 547 idque
1263 502 1440 535 tenendum
1474 498 1622 533 arbitror
1651 505 1725 529 cum

926 550 1111 586 Eustathio
1143 555 1178 583 et
1202 546 1375 580 Boileavio
1409 547 1469 589 (3.
1501 545 1614 587 re'flex.
1638 542 1726 579 crit„

927 603 956 632 t.
979 599 1022 639 3,
1044 599 1132 637 250,
1163 593 1218 628 ed.
1243 592 1286 625 de
1312 592 1534 633 St.-Marc)‚
1575 587 1728 633 quamvis

930 646 1039 677 altera
1066 638 1249 685 explicatio
1274 637 1438 682 placuerit
1465 636 1547 669 viris
1571 631 1730 667 doctissi-

929 688 991 722 mis
1015 688 1141 721 Huetio
1165 685 1326 726 (Dissert.
1349 693 1407 715 sur
1429 682 1497 714 div.
1517 686 1599 714 mat.
1617 680 1660 712 de
1677 688 1732 711 re-

930 736 994 777 lig.
1019 738 1052 766 et
1076 733 1118 765 de
1139 729 1349 774 philologie,
1379 738 1414 770 p.
1436 729 1514 761 501.
1549 732 1582 760 et
1615 723 1732 766 suia),

929 778 1162 813 Boissonadeo
1186 779 1222 809 et
1238 772 1439 813 Montbelio,
1463 783 1482 804 a
1500 772 1620 815 quibus
1642 768 1732 804 haud

931 823 1092 857 dissentit
1119 820 1292 856 Dacieria.
1339 819 1559 862 interpretum
1590 815 1734 850 Vossius

931 881 1070 914 quoque
1092 869 1115 902 l·
1140 880 1170 901 c.
1195 879 1228 912 p.
1248 865 1348 900 295:
1373 866 1455 897 tiber
1476 863 1621 906 Ortygia
1645 863 1734 901 dort,

930 928 982 949 wo
1008 916 1063 948 die
1087 912 1340 947 Sonnenweude
1363 910 1433 942 sich
1460 909 1630 953 hinneigt.
1673 906 1735 941 sed

931 962 1135 1005 Berglerus:
1161 958 1343 1004 Ortygiam
1364 967 1492 999 supra,
1516 955 1575 987 ubi
1597 948 1736 986 enaver-

931 1008 1042 1040 siones
1071 1006 1150 1039 solis
1182 1005 1226 1038 ad
1258 1003 1408 1042 ffltum;
1442 1012 1505 1034 nec
1538 999 1639 1033 aliter
1667 998 1734 1040 CL,

932 1052 998 1086 nisi
1021 1051 1113 1096 quod
1137 1050 1252 1085 omisit
1272 1049 1380 1082 verba
1411 1047 1455 1080 ad
1479 1046 1626 1086 obitum,
1662 1055 1736 1078 cum

932 1098 1141 1138 fluctuaret,
1173 1095 1296 1137 credo,
1327 1100 1437 1127 utram
1461 1092 1576 1125 harum
1598 1096 1735 1124 senten-

933 1143 1060 1177 tiarum
1099 1142 1374 1186 amplecteretur.
1429 1137 1560 1172 scilicet
1600 1137 1736 1180 ancipi-

933 1193 1000 1222 tem
1038 1199 1155 1221 vocem
1198 1184 1440 1229 καθύπερθε,
1481 1195 1568 1228 quae
1602 1181 1737 1226 quidvis

935 1244 1191 1279 quoquoversus
1230 1243 1335 1276 supra
1374 1231 1450 1264 sive
1483 1229 1572 1262 ultra
1607 1227 1738 1273 aliquid

934 1281 1034 1314 situm
1058 1279 1207 1318 indicat,
1241 1279 1342 1312 Hom.
1371 1274 1535 1310 definiens
1558 1274 1667 1315 dixit,
1700 1282 1739 1306 ut

937 1324 981 1367 ι’,
1006 1327 1062 1360 26.
1089 1331 1125 1359 et.
1157 1325 1240 1358 alias
1271 1322 1365 1367 πρὸς
1396 1321 1533 1365 ζόφον,
1566 1320 1616 1353 ita
1651 1330 1739 1353 nunc

937 1369 1006 1407 ὅθι
1029 1371 1164 1412 τροπαὶ
1187 1370 1283 1415 ηἐλ.,
1314 1371 1492 1409 istorsum,
1520 1367 1578 1400 ubi
1601 1377 1741 1399 conver-

936 1419 986 1453 εἰσ
1009 1418 1089 1451 solis
1111 1422 1182 1459 est,
1207 1418 1240 1450 h.
1267 1428 1297 1450 e.
1323 1425 1483 1455 occasus,
1514 1417 1554 1446 ut
1579 1413 1608 1445 E
1633 1412 1742 1446 inter-

938 1468 1115 1510 pretatur,
1140 1461 1298 1507 apposite
1321 1460 1460 1494 laudans
1485 1456 1526 1500 λ’,
1551 1460 1628 1500 18.;
1652 1469 1741 1504 quae

936 1510 1025 1544 coeli
1048 1509 1142 1553 regio
1166 1509 1241 1542 fere
1264 1507 1454 1541 fabularum
1478 1515 1657 1549 rerumque
1681 1504 1742 1537 ob-

937 1555 1123 1590 scuriorum
1159 1553 1249 1599 apud
1280 1556 1415 1599 poetam
1449 1550 1548 1585 sedes
1580 1557 1643 1584 est.
1691 1550 1742 1584 la-

938 1603 1027 1635 tiore
1051 1601 1158 1645 igitur
1183 1606 1218 1633 et
1239 1598 1432 1644 antiquiore
1450 1608 1549 1631 sensu
1572 1597 1657 1630 haec
1680 1607 1745 1630 vo-

939 1646 1059 1681 cabula
1084 1646 1284 1690 usurpavit,
1318 1656 1406 1689 quae
1435 1642 1584 1677 Hesiodo
1609 1642 1744 1687 quidem

939 1699 975 1728 et
1007 1692 1253 1726 recentioribus
1285 1696 1409 1725 sonant
1439 1689 1645 1730 solstitium3
1681 1700 1745 1722 nec

939 1739 1134 1773 mutandum
1166 1749 1287 1771 censeo
1321 1735 1362 1771 τὸ
1395 1734 1551 1778 τροπαὶ,
1585 1735 1745 1779 quemad-

942 1785 1072 1819 modum
1098 1784 1244 1827 Hesych.
1275 1794 1308 1815 v.
1332 1780 1504 1825 Ὀρτυγία
1538 1789 1658 1814 auctor
1681 1786 1747 1822 est,

941 1831 1048 1865 fuisse
1081 1830 1326 1874 quidegerent
1360 1829 1391 1860 h.
1432 1828 1456 1861 l.
1487 1827 1647 1870 τροφαὶ,
1691 1828 1747 1861 vel

943 1878 1113 1921 στροφαί.
1161 1875 1303 1909 Vossius
1334 1874 1447 1917 Myth.
1473 1873 1637 1914 Forsch.,
1672 1873 1746 1907 An-

943 1924 1047 1966 hang,
1071 1934 1104 1967 p.
1122 1922 1200 1956 222.
1217 1933 1225 1954 ι
1251 1920 1333 1962 „die
1348 1920 1474 1953 Lesart
1496 1918 1632 1962 τροφαὶ
1651 1920 1747 1953 ware

943 1969 1038 2003 nicht
1061 1968 1261 2012 unbequem‚
1289 1977 1390 1998 wenn
1415 1965 1515 1998 Sfiria
1540 1976 1571 1997 u.
1597 1965 1748 2009 Ortugia

943 2015 1068 2048 weiter
1099 2013 1221 2047 hinauf
1249 2023 1291 2045 an
1325 2011 1386 2044 der
1417 2010 1614 2044 nordlichen
1639 2011 1746 2054 Spize

943 2060 1103 2093 Siziliens
1135 2060 1252 2102 lagen,
1302 2069 1356 2091 wo
1401 2056 1456 2089 die
1494 2057 1746 2090 Sonnenrinder

944 2106 1127 2140 weideten.
1172 2105 1265 2139 Aber
1288 2114 1326 2137 so
1351 2103 1484 2136 scheint
1507 2103 1557 2136 sie
1580 2103 1643 2136 mir
1668 2114 1746 2137 ver-

944 2151 1108 2186 wetfflch.
1122 2152 1145 2171 ‘⁶

992 2241 1202 2278 405-411.
1245 2239 1562 2284 περιπληθὴς,
1585 2238 1748 2276 πολυάν-

945 2292 1110 2332 θρωπος.
1143 2289 1198 2322 Ex
1219 2288 1263 2322 E.
1297 2287 1402 2321 ordo:
1428 2284 1508 2322 οὔτι
1533 2285 1642 2322 τόσον
1665 2288 1749 2332 λίην

945 2349 1037 2379 περ.,
1062 2346 1129 2367 uon
1149 2339 1221 2368 tam
1238 2336 1414 2377 frequen8‚
1439 2332 1491 2366 vel
1512 2345 1653 2378 magna.
1688 2334 1751 2367 fri-

946 2388 1007 2427 get
1031 2381 1083 2419 E,
1109 2391 1181 2413 cum
1202 2379 1305 2413 dicit:
1339 2379 1560 2419 παρισοῦται
1592 2377 1631 2414 ὁὲ
1657 2379 1750 2421 (εόἰΙ.

948 2426 991 2463 τὸ
1017 2426 1214 2469 περιπλ.)
1238 2422 1333 2460 κατὰ
1357 2423 1485 2465 κάλλος
1509 2423 1600 2468 πρὸς
1624 2423 1665 2460 τὸ
1691 2426 1753 2460 οἰ-

950 2470 1223 2517 νοπληθὴς,
1260 2471 1358 2515 quasi
1388 2471 1556 2514 elegantia
1589 2471 1753 2516 quaedam

952 2520 1020 2554 sita
1051 2519 1097 2552 sit
1126 2517 1160 2551 in
1185 2517 1477 2557 homoeoteleum,
1510 2517 1600 2561 quod
1630 2516 1756 2550 excidit

952 2569 1074 2611 poetae
1098 2563 1253 2608 simplici,
1279 2574 1341 2596 nec
1363 2574 1568 2606 magnopere
1591 2563 1671 2596 talia
1696 2574 1755 2596 cu-

951 2609 1053 2645 ranti.
1089 2609 1177 2643 idem
1203 2615 1238 2642 et
1264 2608 1317 2642 Cl.
1342 2608 1439 2641 nimis
1462 2608 1649 2641 liberaliter
1673 2609 1757 2642 haec

953 2661 1155 2700 componunt
1189 2666 1261 2687 cum
1294 2653 1527 2697 descriptione
1559 2655 1636 2687 aevi
1661 2653 1757 2687 aurei

953 2714 1008 2746 ap.
1032 2701 1217 2735 Hesiodum
1243 2700 1310 2744 Op.
1337 2704 1371 2732 et
1397 2699 1437 2732 D.
1464 2700 1617 2742 90-92,
1644 2702 1756 2734 111-

955 2749 1033 2782 116.
1057 2767 1101 2771 -
1143 2745 1369 2789 εὔβοτος,
1405 2746 1542 2788 pascuis
1567 2746 1756 2779 abundans.

954 2793 1040 2826 male
1064 2793 1252 2836 interpres:
1273 2791 1405 2832 fertilis
1426 2791 1534 2831 boum,
1559 2790 1654 2836 quasi
1671 2791 1757 2824 scri-

954 2845 1046 2883 ptum
1072 2845 1163 2871 esset
1187 2835 1339 2883 εὕβουν,
1365 2841 1401 2868 ut
1427 2837 1548 2880 hymno
1573 2837 1606 2869 in
1634 2837 1756 2882 Apoll„

953 2883 1010 2917 54.
1045 2883 1088 2916 de
1112 2883 1218 2916 Delo:
1253 2878 1342 2916 οὐδ’
1372 2877 1506 2927 εὕβουν
1539 2892 1577 2916 σε
1608 2880 1756 2917 ἔσεσθαι

954 2928 1106 2973 ὀΐομαι,
1139 2926 1222 2963 οὔτ’
1257 2925 1424 2973 εὔμηλον.
1460 2947 1503 2953 -
1549 2927 1754 2964 πολύπυ-
