1856 3282
739 98 1144 140 OMHPOY

355 205 650 257 ,.,,Κυ’κλωψ,
681 208 729 250 αἵ
754 207 829 250 κέν
858 209 921 258 τίς
952 218 998 250 σε
1027 212 1316 277 καταθνητῶν
1349 210 1600 264 ἀνθρώπων

280 259 518 326 ὀφθαλμοῦ
548 263 713 317 εἴρηται
744 263 959 317 ἀεικελίην
991 263 1206 316 αλαωτύν,

280 315 470 369 φάσθαι,
496 316 714 390 Ὀδυσσῆα
744 323 1063 373 πτολιπόρθιον)
1095 321 1347 372 ἐξαλαῶσαι,

278 372 380 415 υἱὸν
409 373 630 430 Λαέρτεω,
656 374 805 432 Ἰθάκῃ
836 376 900 419 ἒνι
931 376 1038 420 οἰκί’
1067 377 1233 432 ἔχοντα.
1245 384 1270 401 “
1287 383 1311 401 “

718 477 916 522 colloquium
943 490 1070 513 eorum.

167 543 250 586 505

364 540 479 613 ,.ἱᾩς,
499 542 694 611 ἐφάμην·
726 544 750 586 ὁ
781 544 828 587 δέ
857 544 906 599 μ’
938 545 1124 603 οἰμώξας
1152 545 1350 602 ἠμείβετο
1380 546 1535 620 μύθῳ·

280 598 392 669 ’‚”’‘²³
420 599 579 647 πόποι,
607 607 634 655 η
666 599 781 655 μάλα
811 601 867 657 δή
893 618 945 655 με
975 605 1230 674 παλαιφατα
1259 603 1462 658 θέσφαθ’
1491 603 1653 647 tuo'tmit!

279 654 376 697 ἔσκε
405 671 469 707 τις
496 655 658 700 ἐνθάδε
686 674 837 711 μαντις
868 656 1004 714 ἀνὴρ,
1034 658 1114 714 ἠΰς
1143 676 1208 710 τε,
1240 660 1371 715 μέγας
1399 676 1456 711 τε,

283 710 473 766 Τήλεμος
501 711 777 780 Εὐρυμίδης,
809 712 857 764 ὃς
872 716 1138 783 μαντοσύνῃ
1168 716 1386 770 ἐκέκαστο,

277 768 352 810 καὶ
381 768 703 840 μαντευόμενος
730 770 943 840 κατεγήρα
972 774 1310 816 Κυκλώπεσσιν·

165 826 249 868 510
279 823 329 874 ὅς
358 840 434 878 μοι
462 823 545 896 ἔφη
574 825 675 868 τάδε
702 827 845 870 πάντα
873 829 1205 900 τελευτήσεσθαι
1233 828 1415 880 ὀπίσσω,

278 885 438 950 χειρῶν
463 880 506 931 ἐξ
530 881 744 936 Ὀδυσῆος
773 882 1102 954 αμαρτήσεσθαι
1129 885 1320 937 ὀπωπῆς

279 935 376 978 αλλ’
409 937 492 979 αἰεί
519 953 619 980 τινα
652 943 780 994 φῶτα
806 941 943 995 μέγαν
975 943 1047 986 καὶ
1075 942 1210 985 καλὸν
1238 940 1423 1010 ἐδέγμην

279 990 437 1035 ἔνθαδ’
467 993 748 1045 ἐλεύσεσθαι,
779 997 970 1054 μεγάλην
1000 998 1242 1069 ἐπιειμένον
1272 996 1433 1051 ἀλκήν·

273 1052 358 1090 νῦν
388 1047 494 1104 δέμ

502 1049 513 1066 '
541 1049 628 1093 ἐών
660 1050 806 1106 ὀλίγος
833 1069 901 1106 τε,
933 1055 1006 1098 καὶ
1037 1053 1288 1107 οὐτιδανὸς,
1324 1054 1399 1096 καὶ
1427 1049 1596 1103 ἄκικυς,

166 1105 248 1148 515
278 1066 518 1173 ὀφθαλμοῦ
547 1105 765 1155 ἀλάωσεν,
797 1109 886 1152 ἐπεί
915 1110 964 1165 μ’
996 1111 1269 1179 ἐδαμάσσατο
1301 1112 1419 1165 οἴνῳ

277 1160 370 1204 οἷλλ
404 1178 481 1216 αγε
511 1162 661 1215 δεῦρ’,
691 1163 897 1216 Ὀδυσεῦ,
929 1168 1001 1209 ἱνα
1029 1183 1099 1210 τοι
1125 1168 1214 1218 πὰρ
1245 1168 1381 1218 ξείνια
1409 1166 1532 1216 θείω,
1564 1182 1567 1183 ’

279 1217 459 1273 πομπήν
493 1217 533 1262 τ’
564 1217 739 1270 ὀτρύνω
769 1221 950 1276 δόμεναι
979 1222 1142 1265 κλυτον
1168 1223 1503 1292 Ἐννοσίγαιον]

277 1277 358 1316 τοῦ
386 1291 471 1328 γαρ
501 1274 584 1330 ἐγω
613 1281 716 1327 παῖς
745 1279 848 1331 εἰιιὶ,
879 1278 1024 1335 πατήρ
1055 1278 1096 1322 δ’
1128 1278 1230 1332 ἐμὸς
1260 1278 1430 1333 εὔχεται
1461 1281 1594 1320 εἰναι·

279 1329 413 1381 αὐτὸς
443 1329 509 1382 δ’,
539 1333 588 1375 αι’
613 1330 660 1375 κ’
666 1332 891 1403 έθὲλῃσ’.

922 1337 1106 1390 ίησεται,
1137 1334 1240 1378 οὐδέ
1268 1352 1334 1384 τις
1363 1334 1505 1385 ἄλλος,

165 1387 249 1431 520
279 1385 380 1430 οὔτε
411 1391 531 1430 θεῶν
559 1388 791 1459 μακάρων,
827 1389 930 1435 οὕτε
958 1396 1137 1447 θνητῶν
1165 1390 1432 1445 ἀνθρώπων
1444 1394 1493 1414 “⁴
1499 1394 1509 1413 ‘

344 1440 469 1495 Ὼς’
455 1444 602 1501 ε’φατ’·

110 1565 282 1621 κελίην,
306 1565 522 1612 αἰκιστικήν.
547 1568 602 1602 Ex
620 1569 662 1603 E.
691 1569 734 1611 6',
755 1569 822 1606 244
844 1576 912 1606 etc.

111 1632 156 1637 —
180 1609 404 1649 ἄλαωτύν
427 1615 517 1647 dixit
540 1621 579 1648 ut
603 1613 739 1657 ἐδητύν
758 1623 793 1650 et
819 1618 913 1651 simi·

109 1657 168 1694 lia.
185 1679 231 1684 —
253 1657 619 1702 πτολιπόρθιον.
644 1664 724 1698 530
749 1664 914 1707 frequen-

111 1703 179 1738 tior
202 1706 338 1749 quidem
363 1712 417 1740 est
438 1706 546 1740 forma
566 1710 830 1749 πτολίπορθος,
851 1709 913 1742 sed

111 1750 212 1784 metri
236 1753 352 1795 gratia
375 1753 477 1787 etiam
511 1753 601 1786 illam
626 1755 814 1809 usurpavit.
864 1755 914 1788 Ε.

112 1796 233 1832 ἰστέον
258 1796 298 1832 δε
322 1797 380 1834 ὅτι
401 1811 439 1833 τε
464 1795 629 1842 αναλογα
652 1798 693 1835 τὸ
717 1799 917 1842 πτολιπόρ-

110 1845 198 1882 θιος
232 1843 340 1879 κ.τό
382 1845 528 1884 αἰδοῖος
567 1846 748 1888 αιδοίιᾋος
786 1844 919 1891 ὁμοῖος

113 1885 281 1932 ὁμοιιῖος,
318 1890 438 1931 ὀρθὸς
468 1888 623 1933 ὄρθιος,
657 1895 811 1933 λοῖσθος
838 1895 918 1928 zoi-

113 1937 242 1977 σθιος,
273 1950 305 1972 κ.
340 1934 399 1971 ὅτι
428 1935 522 1978 πρὸς
552 1936 733 1995 τοιαῦςτην
763 1937 917 1975 ἀκολου-

112 1983 205 2017 θίαν
239 1995 272 2017 κ.
309 1982 346 2017 oi
378 1987 535 2027 Δωριεῖς
567 1984 609 2020 τὸ
643 1980 758 2021 ἆσσον
789 1984 920 2020 ἅσσιόν

114 2039 251 2072 φασιν,
287 2026 336 2070 ὥς
370 2030 642 2085 παραδέδοται,
680 2029 786 2066 κ.τό
822 2030 919 2073 αἶψα

113 2075 268 2119 αἴψιον,
289 2089 318 2109 κ
345 2074 387 2110 τὸ
411 2076 550 2118 μᾶλλον
569 2077 736 2121 μάλλιον.
782 2089 919 2123 compa-

115 2121 207 2154 ravit
231 2126 266 2154 et
288 2120 331 2156 τὸ
355 2120 496 2165 κάπρος
519 2135 686 2167 καπριος.

160 2168 375 2203 506-511
424 2172 522 2203 παλ.
547 2169 780 2215 θέσφατα,
803 2170 917 2223 prison

113 2214 293 2246 vaticinia.
335 2211 389 2255 ν’,
413 2216 490 2250 172
536 2184 762 2258 cf.1.'‚297
783 2221 849 2249 etc.
882 2215 917 2248 in

114 2258 224 2292 Iliade
245 2258 437 2302 θέσφατον
464 2265 517 2294 est
535 2263 674 2304 fatale,
705 2262 917 2317 θεοπροπίη

116 2310 229 2338 autem
248 2317 308 2339 seu
322 2305 557 2360 θεοπρόπιον
575 2309 789 2350 vaticinium,
814 2308 865 2341 uti
884 2315 920 2341 et

116 2363 163 2393 α,
182 2351 261 2386 415.
278 2357 314 2384 et
333 2352 442 2385 alias
433 2364 467 2386 ιιι
488 2353 659 2397 Odyssea.
684 2374 725 2379 ——
752 2353 918 2388 ἱκάνει.

116 2394 170 2453 ῥ’,
193 2397 235 2432 41
259 2405 325 2432 etc.
354 2417 399 2422 —-
445 2397 558 2434 ε’σκε.
600 2399 654 2442 δ,
688 2402 757 2435 270
783 2407 850 2436 etc.
875 2419 919 2424 —

116 2440 202 2487 ἠΰς
226 2456 295 2486 τε,
321 2443 466 2487 μέγας
488 2457 545 2480 τε.
586 2457 619 2480 ν.
644 2458 719 2480 ann.
746 2445 788 2479 ad
813 2446 853 2480 Il.
876 2444 920 2489 γ’,

120 2489 184 2524 167
217 2508 262 2514 -
307 2491 438 2523 Tc1emi
468 2491 557 2524 vatis
585 2492 686 2525 etiam
713 2492 922 2526 Theocritus

117 2536 160 2576 6,
183 2535 261 2576 23,
285 2535 431 2569 Ovidius
456 2537 542 2571 Met.
569 2539 623 2579 13,
648 2539 725 2574 770
749 2543 785 2570 et
809 2537 922 2582 Hygi-

118 2591 180 2615 nus
201 2581 272 2614 fab.
308 2583 385 2617 125.
410 2586 446 2615 et
476 2584 552 2618 128
580 2583 813 2617 meminerunt.
855 2583 922 2616 fuit

119 2631 156 2660 et
179 2626 264 2660 alius
287 2627 522 2672 cognominis,
556 2629 672 2663 Protei
696 2629 808 2670 silius,
841 2628 921 2662 item

120 2678 239 2713 vates,
274 2679 314 2706 ut
337 2680 457 2708 auctor
480 2681 535 2708 est
556 2675 922 2719 Hyghmsl.c.128.
957 2677 975 2690 ‘¹

119 2740 164 2745 —
191 2715 428 2754 ἐκέκαστο.
460 2718 513 2765 β’,
545 2722 610 2756 158
629 2728 694 2754 etc.
712 2740 757 2745 —-
797 2733 923 2755 κατε-

120 2761 260 2808 γήρα,
291 2767 562 2801 consenescebat.
605 2765 658 2808 τ’,
691 2769 790 2802 360:
826 2766 924 2811 αἶψα

120 2809 190 2855 γαρ
213 2810 252 2845 ἐν
275 2810 450 2866 κακότητι
473 2812 600 2859 βροτοὶ
624 2811 925 2857 καταγηράσκου-

122 2868 191 2891 σιν.
215 2877 259 2883 -—
307 2856 513 2900 ὀπίσσω,
537 2860 650 2913 olim,
682 2860 715 2892 in
741 2866 926 2904 posterum.

123 2901 171 2941 α’,
195 2903 264 2936 222
285 2909 352 2936 etc.
374 2923 419 2929 —-
445 2905 498 2938 E:
522 2901 593 2961 ἄρα
617 2905 657 2941 τὸ
682 2908 928 2961 τυφλωθῆναι

124 2951 420 2994 περιφραστικῶς
433 2949 549 2996 ῥηθέν
570 2949 626 2999 ἀμ
638 2965 660 2987 α
671 2967 691 2999 ρ
704 2967 720 2987 t
730 2951 752 2997 ή
763 2963 804 2989 σε
816 2963 836 2988 σ
847 2955 876 2988 θ
887 2964 908 2986 α
919 2963 930 2985 ι
975 2959 1079 3000 petuo
1111 2954 1322 2990 claudicaret
1347 2954 1375 2987 V
1379 2953 1536 2996 ulcanus,
1568 2964 1679 3000 neque
1705 2954 1774 2989 Ae—
1826 2936 1843 2989 J

638 1445 778 1501 αὕταρ
809 1446 892 1503 ἐγώ
921 1465 998 1505 μιν
1027 1448 1314 1505 ἀμειβόμενος
1341 1446 1629 1503 προσέειπον·

959 1569 1089 1608 ὀπωπ
1103 1573 1169 1630 ἧς,
1194 1570 1244 1612 (ὃς
1267 1572 1329 1608 και
1355 1572 1468 1628 εἰπερ
1476 1570 1547 1616 ἔφη
1566 1566 1768 1614 α’στοχῆσαι

959 1618 1100 1663 ὄψεως
1134 1618 1156 1664 ἢ
1183 1621 1408 1661 διεκπεσεῖν,
1443 1613 1468 1665 ἢ
1502 1617 1768 1660 ἀποπλαγχθῆ-

958 1678 1022 1700 ναι
1045 1671 1114 1698 etc.

1006 1712 1219 1747 512-517.
1268 1708 1494 1755 ἐδέγμην,
1533 1707 1767 1752 expectabam.

959 1755 1018 1801 μ’,
1048 1758 1128 1806 230.
1163 1757 1206 1790 de
1235 1723 1371 1791 formay
1377 1768 1411 1790 v.
1444 1767 1523 1791 ann.
1552 1754 1595 1789 ad
1619 1754 1700 1788 335.

961 1816 1056 1848 μεγ.
1092 1812 1154 1837 επ.
1195 1799 1354 1845 οἷλκήν.
1388 1801 1470 1837 214.
1498 1820 1543 1826 —-
1594 1798 1767 1842 ὀλίγος,

960 1860 1111 1905 parvus,
1143 1849 1258 1882 brevis
1281 1853 1428 1882 statura.
1470 1847 1512 1883 Il.
1542 1844 1607 1903 β’,
1616 1847 1695 1881 529.
1720 1863 1766 1870 ·-

964 1893 1238 1933 ουτιδανός.
1262 1896 1342 1931 460
1372 1912 1417 1919 -
1463 1895 1550 1938 Ap.:
1582 1889 1768 1932 ἄκικυς,

963 1943 1007 1977 οὶυ
992 1939 1144 1996 σθενής·
1181 1942 1267 1975 νῦν
1302 1939 1350 1975 δέ
1378 1935 1699 1983 μ’-ακικυς,
1739 1936 1764 1994 ἡ

962 1984 1032 2032 γάρ
1056 1985 1160 2031 ἰσχιῖς
1183 1987 1320 2031 λέγεται
1344 1988 1448 2026 uinus
1469 1983 1529 2029 (λ’,
1552 1986 1670 2028 393.·)
1696 1997 1768 2020 ου-

965 2034 1014 2069 δέ
1039 2048 1081 2068 τι
1103 2035 1247 2075 κίκυς,
1269 2034 1448 2078 Οἴηπερ
1467 2043 1615 2074 παρος
1639 2029 1768 2066 ἔσκεν

962 2079 1037 2117 ἐνι
1059 2083 1350 2125 γναμπτοῖσι
1370 2079 1571 2122 μέλεσσι.
1594 2077 1768 2110 lex.13ek-

965 2129 1041 2161 ker.
1052 2151 1065 2169 ‚
1099 2132 1239 2160 notante
1271 2127 1333 2159 Β.·
1366 2123 1560 2167 ακικνς,
1593 2121 1769 2166 ἀσθενής,

966 2172 1181 2229 αδύναμος,
1210 2170 1303 2207 κατὰ
1326 2171 1494 2227 στέρησιν
1518 2168 1620 2225 ἤτοι
1622 2169 1693 2205 τοῦ
1714 2170 1769 2204 κί-

964 2232 1030 2261 ειν,
1055 2216 1079 2263 ἢ
1103 2220 1168 2263 τῆς
1190 2221 1329 2258 κι’,3ιυος
1351 2230 1430 2255 ἠτις
1452 2216 1555 2259 παροῖ
1577 2213 1645 2258 τήν
1665 2217 1769 2259 κίνη-

963 2278 1020 2301 σιν
1053 2265 1211 2310 λέγεται,
1248 2263 1349 2308 ἰσχύς
1380 2259 1485 2299 οὖσα.
1521 2264 1567 2298 cf.
1599 2262 1704 2296 Schn.
1737 2272 1770 2297 v.

962 2313 1076 2351 κῖκυς
1103 2331 1147 2336 —
1198 2306 1407 2356 ὀτρύνω,
1450 2309 1592 2352 horter,
1621 2307 1770 2353 jubeam.

965 2356 1005 2401 ζ’,
1032 2357 1099 2393 254
1124 2361 1189 2390 etc.

1012 2405 1099 2442 522,
1132 2404 1165 2438 3.
1215 2401 1263 2437 αι’
1285 2398 1374 2447 γαρ
1399 2420 1444 2427 —-
1466 2398 1768 2446 Ἐνοσίχθων.

965 2449 1016 2483 εἷο
1039 2448 1116 2482 libri
1138 2453 1224 2484 vett.
1248 2453 1282 2482 et
1308 2449 1360 2489 B,
1393 2447 1457 2481 hoc
1479 2458 1602 2481 sensu:
1633 2447 1769 2482 utinam

967 2501 1002 2530 te
1026 2496 1078 2528 ita
1101 2495 1254 2528 occidere
1276 2506 1430 2538 possem,
1461 2498 1500 2527 ut
1525 2504 1622 2527 nemo
1653 2497 1689 2527 te
1712 2504 1770 2526 sa-

967 2542 1087 2581 nabit,
1120 2553 1161 2574 ne
1195 2541 1375 2585 Neptunus
1406 2539 1499 2584 quid
1503 2551 1556 2573 ·.m
1602 2538 1771 2573 intellexit

967 2589 1033 2621 hoc
1052 2587 1093 2620 E.
1118 2587 1234 2630 vulgo,
1261 2598 1368 2631 prava
1389 2584 1681 2645 interpunctione,
1702 2594 1770 2629 qua

967 2632 1137 2667 sententia
1160 2635 1382 2666 obscuratur:
1413 2650 1455 2656 —
1482 2631 1587 2666 εἴσω·
1610 2626 1672 2670 Ὦς
1697 2630 1772 2674 (vel

971 2682 1020 2714 Ω.
1017 2679 1041 2721 ·)
1066 2677 1135 2713 οὐκ
1158 2684 1221 2711 etc
1271 2685 1422 2712 ceterum
1445 2689 1546 2723 quam
1571 2677 1665 2712 hisce
1686 2676 1770 2710 stul-

968 2725 1076 2759 titiam
1111 2725 1257 2765 prodere
1281 2725 1438 2769 Ulyssem
1470 2727 1569 2777 putat
1600 2725 1671 2758 Am.
1711 2721 1770 2762 Q-.

968 2770 1099 2815 quasi
1079 2770 1282 2838 Neptunum
1305 2771 1403 2815 parvi
1428 2769 1595 2811 aestimet,
1619 2780 1658 2803 ea
1678 2768 1771 2802 nulla

970 2821 1035 2858 est,
1060 2816 1098 2849 si
1093 2817 1226 2860 luidem
1249 2822 1333 2850 vett.
1353 2827 1395 2849 ne
1414 2815 1496 2849 deos
1514 2815 1649 2859 quidem
1669 2814 1771 2859 quid-

970 2873 1071 2906 quam
1089 2863 1204 2897 valere
1219 2862 1458 2896 existimabant
1475 2867 1594 2895 contra
1615 2865 1769 2894 naturam

973 2914 1076 2952 atque
1100 2908 1217 2942 satum.
1251 2908 1341 2952 quod
1364 2908 1399 2941 ιιὶ
1419 2907 1470 2941 ita
1485 2911 1587 2948 esset,
1611 2918 1672 2941 nec
1691 2919 1770 2952 per-

1841 3239 1856 3282 33
