1846 3282
601 107 1189 151 ΟΔΤΣΣΕΙΑΣ
1246 112 1297 151 Ε.

174 220 255 263 375
283 217 512 272 νηχέμεναι
540 217 725 272 μεμαώς.
763 218 830 261 ἴδε
857 218 905 261 δὲ
931 219 1090 272 κρείων
1114 217 1393 274 Ἐνοσίχθων,

288 274 469 330 κινήσας
496 273 542 316 δὲ
571 273 684 329 κάρη
713 274 845 330 προτὶ
873 273 927 317 ὃν

961 274 1190 344 μυθήσατο
1219 276 1392 331 θυμόν·

367 331 522 383 ,,Οὕτω
550 335 635 374 νῦν
664 331 777 374 κακὰ
803 330 940 374 πολλοὶ
970 330 1131 374 παθών
1157 328 1272 374 ἀλόω
1301 331 1413 375 κατὰ
1440 333 1620 386 πόντον,

290 388 458 430 εἰσόκεν
488 385 766 441 ἀνθρώποισι
795 387 1092 442 διοτρεφέεσσι
1122 389 1308 456 μιγείης·

291 442 390 488 ἀλλ’
425 441 526 487 οὐδ’
559 443 616 494 ὥς
648 455 695 486 σε
725 444 860 487 ἔολπα
888 443 1154 487 ὀνόσσεσθαι
1183 443 1468 500 naxo'mqto9.“

181 508 262 548 380

357 503 424 550 Ως
458 500 542 555 ἄρα
573 499 782 556 φωνήσας
810 501 963 553 ἵμασεν
991 502 1265 570 καλλίτριχας
1295 503 1468 553 ἵππους,

293 559 408 601 ἵκετο
437 557 480 601 6⁷
515 559 576 609 εἰς
606 557 768 612 Αἰγάς,
809 556 886 600 ὅθι
915 573 959 600 οι
986 557 1123 601 κλυτὰ
1153 556 1318 614 δώματ’
1352 558 1490 602 ε’.ασιν

598 660 667 704 Jam
691 659 850 694 Minerva
872 660 1035 695 subvenit
1057 660 1127 704 Ul>
1130 661 1187 695 ssi

369 727 521 783 Αὕταρ
549 726 778 796 Ἀθηναίη,
807 727 1009 784 θυγατηρ
1040 728 1171 779 Διὸς,
1206 727 1306 772 ἄλλ’
1337 728 1539 785 ἐνόησεν·

288 782 385 852 ἦτοι
413 789 503 828 τῶν
531 784 674 828 αλλων
705 783 875 839 α’νέμων
904 785 1109 840 κατέδησε
1138 785 1393 854 κελεύθους,

292 841 549 885 παύσασθαι
580 840 625 884 δ’
659 840 851 885 ἐκέλευσε
883 842 958 885 καὶ
987 841 1226 897 εὐνηθῆναι
1257 842 1469 892 ἅπαντας

178 904 260 946 385
292 896 425 968 ωρσε
439 897 482 941 δ’
513 897 582 940 ἐπὶ
612 897 830 952 κραιπνὸν
859 898 1040 954 βορέην,
1069 900 1156 954 πρὸ
1187 899 1233 941 δὲ
1262 897 1421 954 κύματ’
1451 898 1586 950 εαξεν,

290 973 369 1005 erog
400 954 473 1009 ὅγε
507 954 745 1024 Φαιήκεσσι
775 956 1078 1024 φιληοέτμοισι
1107 957 1263 1011 μιγείη,

286 1011 483 1067 διογενης
508 1008 743 1065 Ὀδυσεὺς,
773 1011 972 1056 θάνατον
1001 1013 1076 1056 καὶ
1108 1015 1245 1069 κῆρας
1276 1010 1449 1063 ἀλύξας.

310 1151 313 1154 ,
337 1125 453 1148 verum
475 1114 526 1148 sic
558 1109 694 1162 quoque
719 1115 823 1150 tertio
847 1115 980 1150 demum
1011 1115 1068 1150 die
1091 1115 1239 1162 Ulysses
1262 1119 1380 1149 terrae
1404 1113 1680 1160 appropinquat,
1714 1123 1777 1146 neo

255 1165 391 1206 portum
417 1160 523 1195 videt.

353 1227 495 1272 Ἔνθα
526 1227 617 1273 δύω
647 1228 826 1282 νύκτας,
856 1227 939 1273 δύο
968 1227 1014 1273 τ’
1045 1227 1213 1286 ἤματα,
1241 1227 1404 1286 κύματι
1430 1230 1558 1286 πηγῷ

164 1374 358 1417 377-379.
379 1375 446 1410 Η.·
485 1374 625 1412 αλόω.
658 1375 868 1432 διαίρεσίς’
851 1388 927 1412 εστι

121 1422 188 1455 τοῦ
216 1419 312 1462 alni,
343 1421 402 1456 διὸ
427 1421 641 1468 βαρυτόνως
661 1420 925 1467 ἀναγνωστέον.

121 1486 167 1491 ——
189 1464 503 1511 ἀνθρώποισι
532 1471 679 1512 διοτρ.
702 1470 734 1503 h.
749 1482 779 1503 e.
791 1470 927 1503 Phaea-

122 1513 231 1546 cibus.
269 1525 301 1546 v.
326 1525 406 1547 aun.
432 1515 474 1548 ad
509 1517 566 1550 34.
591 1522 628 1548 et.
657 1517 712 1551 35.
738 1534 781 1540 -—
824 1513 923 1549 ἀλλ’

122 1556 226 1593 ουδ’
263 1572 322 1598 ως
345 1579 388 1583 -
410 1561 704 1605 κακότητος,
738 1573 857 1594 verum
883 1572 924 1594 ne

121 1605 171 1638 sic
188 1605 323 1649 quidem
339 1617 437 1649 spero
457 1613 492 1641 te
512 1608 597 1640 haec
617 1608 720 1650 parvi
742 1618 927 1651 pensurum

122 1663 213 1692 esso,
237 1651 326 1696 quod
349 1652 479 1687 attinet
499 1653 547 1686 ad
571 1655 829 1694 calamitatem,
859 1664 928 1698 qua

123 1704 160 1732 te
195 1697 358 1732 obruunt.
402 1697 452 1733 ita
483 1699 569 1733 haec
602 1700 804 1744 explicanda
836 1705 928 1741 sunt,

122 1745 174 1789 τῷ
198 1742 418 1779 ὀνόσσεσθαι
441 1745 600 1779 absolute
623 1754 777 1790 accepte,
804 1749 841 1779 ut
865 1757 927 1779 ac-

123 1791 315 1836 cipiendum
347 1802 422 1824 esse
460 1791 594 1825 notavit.
631 1792 667 1826 N
701 1793 931 1836 κεχολῶσθαι

123 1851 170 1879 η,
195 1839 275 1872 310.
309 1841 344 1868 et
372 1837 478 1878 alia83
521 1837 612 1882 quod
645 1844 756 1872 tamen
787 1839 930 1872 verbum

126 1893 187 1928 per
211 1894 248 1916 se
279 1880 404 1916 dictum
435 1883 535 1928 longe
559 1884 690 1917 facilius
723 1884 929 1928 intelligitur

124 1941 223 1973 quam
267 1919 429 1963 ὄνασθαι
473 1931 546 1962 sinc
579 1930 796 1971 accusativo,
830 1941 928 1984 quem

118 1976 272 2030 junctum
307 1975 411 2009 habet
440 1975 479 2009 Π.
513 1973 558 2017 6,
587 1978 678 2018 539,
712 1976 750 2018 ι’,
785 1956 850 2018 ’55,
882 1974 929 2017 ν’,

125 2023 203 2062 127,
227 2019 270 2066 ρ’,
293 2021 373 2062 399,
393 2019 450 2062 ω’,
473 2021 553 2056 439.
580 2028 616 2055 et
650 2023 714 2055 hoc
745 2022 820 2068 ipso
853 2022 928 2056 loco

109 2066 159 2115 jn
183 2070 212 2101 A
246 2071 278 2103 1.
310 2073 346 2101 et
374 2068 429 2102 4.-
419 2092 429 2108 ,
462 2068 739 2121 quemadmodum
761 2082 785 2102 α
818 2073 853 2102 et
886 2080 929 2108 09

123 2113 317 2158 permisceri
358 2113 471 2147 solere
512 2113 546 2147 in
589 2114 684 2147 libris
718 2114 927 2149 ostendimus

124 2170 202 2194 ann.
237 2161 279 2199 ad
317 2158 361 2200 6'‚
395 2161 475 2194 227.
528 2161 588 2193 sed
614 2172 743 2194 manum
777 2161 926 2213 reprimo

124 2209 266 2261 propter
289 2205 374 2240 simi!
378 2217 428 2260 em
448 2205 540 2239 illum
567 2207 676 2240 locum
700 2206 742 2251 ρ’,
766 2208 867 2242 378.-
892 2202 927 2262 ἢ

123 2250 274 2292 ὄνοσαι,
308 2250 366 2289 ὅτι
390 2251 453 2288 τὸν
481 2254 609 2307 βίοτον
635 2256 851 2288 κατέδουσιν
884 2250 927 2288 ἄ-

123 2311 256 2338 νακτος
284 2295 443 2334 Ἐνθάδ’
475 2297 727 2344 αγειρὸμενοις

172 2365 363 2402 381-335.
386 2366 429 2400 de
441 2369 557 2413 Aegt's,
573 2369 701 2414 oppido
714 2369 860 2414 Achajae
874 2368 932 2402 vel

126 2411 302 2453 Euboeae,
318 2413 410 2457 quod
423 2413 576 2457 Neptuni
595 2416 686 2448 cultu
700 2415 872 2456 inclaruit,
894 2427 929 2449 v.

128 2458 168 2490 ll.
202 2455 245 2496 ν’,
276 2458 331 2491 21.
370 2465 526 2493 neutrum
557 2467 669 2495 tamen
694 2462 748 2496 hic
772 2461 840 2495 dici
866 2474 931 2506 pu-

127 2508 181 2535 tat
214 2503 353 2537 Vossius
385 2506 572 2558 Antisymb.
603 2509 637 2541 2.
674 2519 710 2553 p.
742 2508 835 2549 449,
867 2508 930 2541 sed

124 2560 216 2582 aram
245 2550 442 2593 quandam
432 2562 468 2583 ιιι
491 2551 573 2585 mari
597 2555 755 2598 Aegaeo,
789 2554 832 2586 de
863 2565 930 2599 qua

127 2595 328 2628 Pliniusfl.
353 2596 401 2630 Ν.
425 2597 459 2638 4,
492 2599 548 2638 11,
588 2601 655 2642 18.,
693 2613 726 2645 p
761 2601 839 2635 207.
873 2599 929 2634 ed.

124 2641 257 2675 Hard.·
294 2644 435 2684 Acmen
467 2645 559 2677 mari
590 2657 711 2680 nomen
737 2646 833 2680 dedit
857 2658 931 2680 sco-

116 2687 223 2730 pulus
241 2688 331 2721 iuter
349 2689 478 2722 'senum
495 2694 527 2723 ct
552 2691 636 2725 Chi1
632 2704 672 2725 m
695 2693 808 2726 verius
827 2704 931 2737 quam

107 2733 249 2775 imula,
276 2736 350 2767 on
368 2736 504 2767 nomine
520 2748 542 2769 a
557 2739 666 2780 specie
682 2750 821 2782 caprae,
843 2750 931 2782 quae

123 2778 177 2812 ita
203 2781 346 2814 Graccis
369 2783 576 2825 appellatur,
602 2789 740 2827 repente
763 2797 781 2818 e
813 2787 926 2818 medio

123 2827 215 2858 mavi
239 2828 415 2861 exsiliens.
462 2835 605 2862 cernunt
636 2842 711 2863 enm
746 2843 769 2863 α
803 2832 926 2865 dextra

116 2877 220 2913 purte
236 2874 393 2907 Andrum
409 2875 617 2917 navigantes
631 2877 675 2909 a&
698 2877 844 2919 Achaia,
872 2879 927 2911 ‹ii-

105 2927 193 2950 -mm
206 2930 246 2952 uc
261 2923 463 2963 pestiferum
502 2929 538 2952 Ρ
543 2923 616 2955 hol.
631 2923 798 2965 Apollonii
816 2901 922 2958 R’hod.

117 2964 162 2998 ad
186 2966 220 3006 1,
242 2967 343 3001 832:
353 2965 409 3002 τὸ
435 2968 588 3011 Αἰγαῖον
604 2970 761 3014 πέλα,ος
784 2967 923 3016 ἐκλῃθη

972 1375 1046 1412 ἀπὸ
1085 1375 1202 1420 νήσου
1243 1378 1305 1423 αἰγ
1307 1389 1360 1412 ων
1393 1372 1629 1419 καλουμένης.
1664 1372 1778 1427 νῇσος

973 1423 1088 1467 αἰγῶν
1110 1424 1160 1456 illi
1187 1427 1252 1466 est,
1276 1435 1366 1468 quae
1389 1423 1500 1457 Plinio
1525 1424 1609 1455 Aex.
1644 1419 1698 1452 cui
1723 1419 1778 1451 in-

970 1471 1066 1503 sulae
1097 1481 1192 1503 nemo
1218 1471 1537 1515 appropinquabat,
1571 1465 1653 1511 quia
1677 1469 1778 1498 noctu

970 1516 1013 1548 ad
1040 1527 1112 1548 eam
1137 1516 1349 1559 appellentes
1367 1525 1572 1549 evanescere
1589 1511 1779 1545 credeban-

969 1565 1046 1601 tur,
1081 1565 1121 1593 ut
1138 1566 1259 1594 auctor
1294 1568 1348 1594 est
1371 1562 1402 1595 E
1428 1573 1505 1594 ann.
1530 1557 1619 1593 adl.
1646 1568 1675 1589 c.
1696 1556 1780 1589 llia-

974 1607 1037 1639 dis.
1084 1606 1237 1646 „Solone
1255 1608 1453 1640 unnahbare
1477 1603 1687 1639 Felseninsel
1707 1612 1781 1635 war

974 1651 1029 1685 die
1044 1653 1164 1685 wabre
1182 1654 1367 1698 XVohnung
1391 1665 1425 1686 u.
1447 1652 1508 1686 das
1529 1651 1646 1684 wabre
1662 1649 1780 1691 Zeug-

974 1699 1060 1731 haus
1083 1698 1144 1731 des
1168 1699 1350 1739 Poseidon,
1375 1698 1438 1732 der
1462 1698 1547 1732 nach
1566 1697 1695 1730 Homer
1719 1705 1781 1737 ge—

975 1744 1145 1777 wfihnlich
1170 1745 1213 1779 im
1238 1745 1359 1778 Meere
1383 1744 1455 1779 sich
1480 1743 1632 1778 ειιιῆιὸἳῐ·
1655 1740 1697 1774 Il.
1725 1740 1781 1780 15,

977 1789 1053 1831 161,
1079 1792 1168 1832 2193
1199 1791 1266 1834 20,
1295 1793 1344 1825 16.
1348 1794 1372 1811 “
1419 1791 1468 1824 ita
1493 1791 1538 1828 N,
1564 1788 1621 1833 qui
1657 1786 1780 1819 Vossio

976 1837 1174 1872 assentitur.
1221 1837 1378 1882 equidem
1403 1837 1528 1870 haereo
1555 1835 1590 1868 in
1611 1835 1782 1876 Aegarum

978 1882 1209 1936 descriptione
1234 1884 1414 1928 magnifica
1442 1882 1499 1916 illa
1523 1882 1546 1915 l.
1582 1879 1781 1913 c.alte1ius

975 1930 1154 1962 carminis.
1196 1929 1330 1972 Αἰγας,
1363 1930 1460 1964 ἐνθα
1493 1927 1534 1964 δέ
1568 1926 1604 1963 οὶ
1636 1924 1782 1959 κλυτὰ

975 1972 1169 2018 δώματα
1196 1976 1345 2021 βένθεσι
1376 1977 1528 2030 λίμνης,
1568 1970 1781 2028 Χρύσεα,

973 2024 1340 2066 μαρμαίροντα,
1365 2033 1601 2065 τετευχαται,
1637 2016 1782 2062 ἄφθι-

974 2080 1029 2101 τα
1053 2069 1161 2103 αἰεί.
1196 2070 1328 2103 adeone
1346 2068 1536 2114 magnificis
1553 2065 1668 2100 verbis
1679 2076 1781 2119 prae-

973 2113 1080 2147 dicari
1104 2115 1278 2160 scopulum
1304 2115 1422 2156 dirum,
1447 2114 1661 2168 pestiferum,
1684 2111 1781 2144 inac-

973 2161 1131 2193 cessum?
1154 2180 1199 2185 —
1242 2159 1462 2206 θυγάτηρ
1495 2158 1616 2197 Διὸς
1654 2159 1694 2191 Α.
1735 2159 1780 2197 1.,

972 2206 1083 2240 vitato
1118 2207 1408 2248 homoeoteleuto,
1434 2205 1649 2248 numerisque
1671 2214 1781 2256 venu—

971 2252 1135 2286 stioribus
1160 2265 1256 2297 quam
1283 2254 1442 2297 vulgatae
1465 2253 1658 2296 εειῐριυιιιε
1687 2247 1780 2303 ”⁰¹⁵3

974 2311 1039 2353 ρη
1054 2298 1156 2338 Διός.
1205 2299 1360 2333 similiter
1390 2299 1434 2343 χ’,
1469 2300 1566 2334 205:
1608 2299 1704 2331 τοῖσι
1739 2291 1778 2328 δ’

976 2340 1039 2379 ἐπ’
1085 2343 1280 2389 ἀγχίμολον
1318 2349 1393 2390 &vy
1398 2344 1489 2389 ᾰτηρ
1536 2342 1629 2383 Λιὸς
1667 2339 1755 2386 ἦλθε
1759 2354 1782 2375 ν

969 2389 1122 2436 Ἀθήνη.
1157 2392 1203 2427 cf.
1229 2390 1271 2436 γ’,
1295 2393 1374 2433 337,
1400 2393 1480 2431 378,
1505 2389 1550 2432 ν’,
1573 2391 1653 2425 359.
1690 2388 1781 2433 quod

975 2437 1133 2482 legerant
1157 2436 1202 2481 β’,
1231 2439 1316 2478 296,
1338 2437 1382 2480 ν,
1410 2440 1493 2478 190,
1527 2436 1672 2480 aliisque
1696 2445 1781 2468 non-

976 2484 1075 2517 nullis
1099 2484 1193 2524 locis,
1218 2484 1318 2517 etiam
1336 2485 1392 2518 bic
1410 2483 1617 2533 ponendum
1627 2493 1704 2514 esse
1721 2491 1782 2513 ex-

975 2529 1206 2563 istimaverint
1232 2530 1377 2564 librarii.
1426 2533 1497 2564 Am.
1521 2529 1569 2561 E:
1595 2540 1674 2562 ανε
1670 2527 1783 2582 ’μων

975 2588 1074 2610 κατ.
1121 2575 1402 2617 κελεύθους.
1461 2576 1664 2610 κατέπαυσε
1715 2585 1783 2612 τας

974 2621 1106 2661 πνοάς.
1138 2622 1176 2655 ll.
1203 2620 1246 2665 ξ’,
1273 2625 1346 2658 17.=
1379 2622 1506 2664 λιγέων
1531 2619 1679 2663 ἀνέμων
1703 2622 1782 2653 λαι-

974 2667 1080 2712 ψηρά
1117 2668 1286 2704 κέλευθα.
1331 2669 1379 2702 ibi
1414 2668 1549 2701 schol.-
1596 2665 1683 2701 κέλ.
1715 2663 1784 2706 τοῖς

974 2717 1204 2754 θαλασσίους
1251 2712 1381 2758 ὁρμάς.
1423 2732 1467 2738 —-
1524 2712 1782 2755 κραιπνὸν,

976 2763 1135 2803 velocem,
1155 2763 1322 2806 impetun.
1317 2773 1390 2794 ·.um
1411 2779 1454 2784 —-
1475 2758 1650 2803 πρὸ-ι·
1644 2758 1783 2802 ἀξεν,

974 2813 1007 2840 et
1023 2810 1154 2851 flnctus
1175 2813 1256 2840 ante
1282 2808 1452 2850 U13ssem,
1485 2807 1518 2840 h.
1544 2818 1575 2840 e.
1603 2805 1781 2847 adversos,

963 2855 1081 2899 fregit
1106 2853 1396 2899 compescuitque.

1026 2924 1145 2958 388
1156 2920 1236 2957 405.
1288 2919 1382 2957 δύω
1431 2935 1641 2963 νυκτας,
1689 2920 1779 2957 δύο

970 2967 1007 3005 τ’
1032 2967 1200 3015 ἤματα.
1243 2970 1573 3014 Ιι)5ιιιιοιιρι·οῑοι·οιι
1604 2971 1711 3004 metro
1741 2981 1777 3003 u-
