<?xml version="1.0" encoding="UTF-8"?>
<!DOCTYPE html PUBLIC "-//W3C//DTD XHTML 1.0 Transitional//EN"
    "http://www.w3.org/TR/xhtml1/DTD/xhtml1-transitional.dtd">
<html xmlns="http://www.w3.org/1999/xhtml" xml:lang="en" lang="en">
 <head>
  <title>
</title>
<meta http-equiv="Content-Type" content="text/html;charset=utf-8" />
  <meta name='ocr-system' content='tesseract 3.04.00' />
  <meta name='ocr-capabilities' content='ocr_page ocr_carea ocr_par ocr_line ocrx_word'/>
</head>
<body>
  <div class='ocr_page' id='page_1' title='image "./carmina03home/carmina03home_0125.png"; bbox 0 0 1846 3282; ppageno 0'>
   <div class='ocr_carea' id='block_1_1' title="bbox 0 0 63 2856">
    <p class='ocr_par' dir='ltr' id='par_1_1' title="bbox 0 0 63 2856">
     <span class='ocr_line' id='line_1_1' title="bbox 0 0 63 2856; baseline 0 0"><span class='ocrx_word' id='word_1_1' title='bbox 0 0 63 2856; x_wconf 95' lang='lat' dir='ltr'> </span> 
     </span>
    </p>
   </div>
   <div class='ocr_carea' id='block_1_2' title="bbox 28 1202 641 1262">
    <p class='ocr_par' dir='ltr' id='par_1_2' title="bbox 28 1202 641 1262">
     <span class='ocr_line' id='line_1_2' title="bbox 28 1202 641 1262; baseline 0.008 -15"><span class='ocrx_word' id='word_1_2' title='bbox 28 1202 230 1250; x_wconf 44' lang='grc' dir='ltr'>Ἰιιιιιιοιιινίΐ.</span> <span class='ocrx_word' id='word_1_3' title='bbox 275 1215 327 1250; x_wconf 84' lang='lat' dir='ltr'>ita</span> <span class='ocrx_word' id='word_1_4' title='bbox 362 1217 506 1262; x_wconf 76' lang='lat' dir='ltr'>quaevis</span> <span class='ocrx_word' id='word_1_5' title='bbox 546 1222 641 1252; x_wconf 83' lang='lat' dir='ltr'>artes</span> 
     </span>
    </p>
   </div>
   <div class='ocr_carea' id='block_1_3' title="bbox 169 264 792 311">
    <p class='ocr_par' dir='ltr' id='par_1_3' title="bbox 169 264 792 311">
     <span class='ocr_line' id='line_1_3' title="bbox 169 264 792 311; baseline -0.003 -11"><span class='ocrx_word' id='word_1_6' title='bbox 169 276 360 311; x_wconf 83' lang='lat' dir='ltr'>magnaque</span> <span class='ocrx_word' id='word_1_7' title='bbox 384 270 503 309; x_wconf 79' lang='lat' dir='ltr'><strong>strage</strong></span> <span class='ocrx_word' id='word_1_8' title='bbox 527 264 620 299; x_wconf 87' lang='lat' dir='ltr'>edita</span> <span class='ocrx_word' id='word_1_9' title='bbox 644 265 792 300; x_wconf 82' lang='lat' dir='ltr'>reversi.</span> 
     </span>
    </p>
   </div>
   <div class='ocr_carea' id='block_1_4' title="bbox 91 336 173 379">
    <p class='ocr_par' dir='ltr' id='par_1_4' title="bbox 91 336 173 379">
     <span class='ocr_line' id='line_1_4' title="bbox 91 336 173 379; baseline 0.024 -2"><span class='ocrx_word' id='word_1_10' title='bbox 91 336 173 379; x_wconf 80' lang='lat'>235</span> 
     </span>
    </p>
   </div>
   <div class='ocr_carea' id='block_1_5' title="bbox 41 1218 854 1539">
    <p class='ocr_par' dir='ltr' id='par_1_5' title="bbox 41 1218 848 1345">
     <span class='ocr_line' id='line_1_5' title="bbox 683 1218 848 1252; baseline 0.006 -1"><span class='ocrx_word' id='word_1_11' title='bbox 683 1231 700 1252; x_wconf 88' lang='lat' dir='ltr'>e</span> <span class='ocrx_word' id='word_1_12' title='bbox 730 1230 764 1251; x_wconf 81' lang='lat' dir='ltr'>re</span> <span class='ocrx_word' id='word_1_13' title='bbox 794 1218 848 1252; x_wconf 82' lang='lat' dir='ltr'>iae</span> 
     </span>
     <span class='ocr_line' id='line_1_6' title="bbox 42 1230 848 1318; baseline 0.008 -26"><span class='ocrx_word' id='word_1_14' title='bbox 42 1261 186 1295; x_wconf 65' lang='lat' dir='ltr'>Vulcani</span> <span class='ocrx_word' id='word_1_15' title='bbox 208 1262 265 1296; x_wconf 85' lang='lat' dir='ltr'>vel</span> <span class='ocrx_word' id='word_1_16' title='bbox 290 1263 471 1297; x_wconf 81' lang='lat' dir='ltr'>Minervae</span> <span class='ocrx_word' id='word_1_17' title='bbox 496 1277 601 1318; x_wconf 84' lang='lat' dir='ltr'>opera</span> <span class='ocrx_word' id='word_1_18' title='bbox 619 1230 791 1298; x_wconf 49' lang='lat' dir='ltr'>dicuffturg.</span> <span class='ocrx_word' id='word_1_19' title='bbox 813 1278 848 1298; x_wconf 70' lang='lat' dir='ltr'>v.</span> 
     </span>
     <span class='ocr_line' id='line_1_7' title="bbox 41 1307 849 1352; baseline 0.004 -9"><span class='ocrx_word' id='word_1_20' title='bbox 41 1308 120 1343; x_wconf 87' lang='lat'>617.</span> <span class='ocrx_word' id='word_1_21' title='bbox 146 1313 183 1341; x_wconf 85' lang='lat' dir='ltr'>et</span> <span class='ocrx_word' id='word_1_22' title='bbox 204 1307 250 1342; x_wconf 80' lang='lat' dir='ltr'>de</span> <span class='ocrx_word' id='word_1_23' title='bbox 273 1309 410 1343; x_wconf 79' lang='lat' dir='ltr'>Paeone</span> <span class='ocrx_word' id='word_1_24' title='bbox 432 1309 473 1343; x_wconf 85' lang='grc' dir='ltr'>ΙΙ.</span> <span class='ocrx_word' id='word_1_25' title='bbox 488 1309 524 1352; x_wconf 84' lang='grc' dir='ltr'>ε’,</span> <span class='ocrx_word' id='word_1_26' title='bbox 548 1313 628 1351; x_wconf 75' lang='lat'>401,</span> <span class='ocrx_word' id='word_1_27' title='bbox 654 1310 849 1345; x_wconf 79' lang='lat'>899——904-</span> 
     </span>
    </p>

    <p class='ocr_par' dir='ltr' id='par_1_6' title="bbox 42 1353 854 1539">
     <span class='ocr_line' id='line_1_8' title="bbox 86 1353 852 1413; baseline 0.004 -26"><span class='ocrx_word' id='word_1_28' title='bbox 86 1354 284 1390; x_wconf 75' lang='lat'>236—242.</span> <span class='ocrx_word' id='word_1_29' title='bbox 313 1353 852 1413; x_wconf 67' lang='grc' dir='ltr'>ἐσθλών,ποί)ἰ1ἰιιπι,·ι]ιιιιιιι</span> 
     </span>
     <span class='ocr_line' id='line_1_9' title="bbox 42 1399 853 1447; baseline 0.005 -15"><span class='ocrx_word' id='word_1_30' title='bbox 42 1399 255 1434; x_wconf 75' lang='lat' dir='ltr'>nobilitatem</span> <span class='ocrx_word' id='word_1_31' title='bbox 280 1412 455 1446; x_wconf 88' lang='lat' dir='ltr'>opesque,</span> <span class='ocrx_word' id='word_1_32' title='bbox 489 1415 677 1447; x_wconf 84' lang='lat' dir='ltr'>rursusque</span> <span class='ocrx_word' id='word_1_33' title='bbox 706 1403 853 1447; x_wconf 76' lang='lat' dir='ltr'>ignomi-</span> 
     </span>
     <span class='ocr_line' id='line_1_10' title="bbox 43 1444 854 1491; baseline 0.005 -13"><span class='ocrx_word' id='word_1_34' title='bbox 43 1444 131 1479; x_wconf 87' lang='lat' dir='ltr'>niam</span> <span class='ocrx_word' id='word_1_35' title='bbox 155 1446 405 1491; x_wconf 80' lang='lat' dir='ltr'>miseriamque,</span> <span class='ocrx_word' id='word_1_36' title='bbox 430 1449 528 1482; x_wconf 83' lang='lat' dir='ltr'>deum</span> <span class='ocrx_word' id='word_1_37' title='bbox 553 1461 640 1482; x_wconf 91' lang='lat' dir='ltr'>nunc</span> <span class='ocrx_word' id='word_1_38' title='bbox 667 1450 739 1489; x_wconf 85' lang='lat' dir='ltr'>his,</span> <span class='ocrx_word' id='word_1_39' title='bbox 765 1461 854 1482; x_wconf 86' lang='lat' dir='ltr'>nunc</span> 
     </span>
     <span class='ocr_line' id='line_1_11' title="bbox 43 1491 854 1539; baseline 0.005 -15"><span class='ocrx_word' id='word_1_40' title='bbox 43 1491 111 1525; x_wconf 83' lang='lat' dir='ltr'>iuis</span> <span class='ocrx_word' id='word_1_41' title='bbox 144 1492 297 1526; x_wconf 81' lang='lat' dir='ltr'>tribuere</span> <span class='ocrx_word' id='word_1_42' title='bbox 329 1493 435 1534; x_wconf 77' lang='lat' dir='ltr'>dicit,</span> <span class='ocrx_word' id='word_1_43' title='bbox 473 1507 535 1539; x_wconf 81' lang='lat' dir='ltr'>pro</span> <span class='ocrx_word' id='word_1_44' title='bbox 560 1507 682 1538; x_wconf 84' lang='lat' dir='ltr'>magna</span> <span class='ocrx_word' id='word_1_45' title='bbox 705 1506 768 1528; x_wconf 84' lang='lat' dir='ltr'>sua</span> <span class='ocrx_word' id='word_1_46' title='bbox 793 1506 854 1539; x_wconf 91' lang='lat' dir='ltr'>po-</span> 
     </span>
    </p>
   </div>
   <div class='ocr_carea' id='block_1_6' title="bbox 42 1520 852 1629">
    <p class='ocr_par' dir='ltr' id='par_1_7' title="bbox 42 1520 852 1629">
     <span class='ocr_line' id='line_1_12' title="bbox 43 1520 852 1585; baseline 0.004 -14"><span class='ocrx_word' id='word_1_47' title='bbox 43 1538 163 1572; x_wconf 80' lang='lat' dir='ltr'>tentia.</span> <span class='ocrx_word' id='word_1_48' title='bbox 195 1557 239 1562; x_wconf 94' lang='lat'>—</span> <span class='ocrx_word' id='word_1_49' title='bbox 272 1537 406 1582; x_wconf 84' lang='grc' dir='ltr'>μήυθ</span> <span class='ocrx_word' id='word_1_50' title='bbox 383 1520 574 1583; x_wconf 64' lang='grc' dir='ltr'>ησομαι.</span> <span class='ocrx_word' id='word_1_51' title='bbox 609 1539 852 1585; x_wconf 84' lang='grc' dir='ltr'>μυθήσωμαι.</span> 
     </span>
     <span class='ocr_line' id='line_1_13' title="bbox 42 1581 852 1629; baseline 0.005 -13"><span class='ocrx_word' id='word_1_52' title='bbox 42 1583 135 1619; x_wconf 83' lang='lat' dir='ltr'>v.11.</span> <span class='ocrx_word' id='word_1_53' title='bbox 159 1581 202 1626; x_wconf 81' lang='grc' dir='ltr'><strong>ξ’,</strong></span> <span class='ocrx_word' id='word_1_54' title='bbox 221 1583 303 1628; x_wconf 78' lang='lat'>235</span> <span class='ocrx_word' id='word_1_55' title='bbox 328 1585 454 1618; x_wconf 78' lang='lat' dir='ltr'>Matth.</span> <span class='ocrx_word' id='word_1_56' title='bbox 476 1590 509 1629; x_wconf 83' lang='lat'>§.</span> <span class='ocrx_word' id='word_1_57' title='bbox 529 1588 609 1622; x_wconf 89' lang='grc'>516.</span> <span class='ocrx_word' id='word_1_58' title='bbox 635 1607 681 1611; x_wconf 92' lang='grc'>-</span> <span class='ocrx_word' id='word_1_59' title='bbox 705 1590 852 1621; x_wconf 84' lang='grc' dir='ltr'>ταλα-</span> 
     </span>
    </p>
   </div>
   <div class='ocr_carea' id='block_1_7' title="bbox 42 1629 853 1771">
    <p class='ocr_par' dir='ltr' id='par_1_8' title="bbox 42 1629 853 1771">
     <span class='ocr_line' id='line_1_14' title="bbox 42 1629 853 1674; baseline 0.004 -10"><span class='ocrx_word' id='word_1_60' title='bbox 42 1629 297 1674; x_wconf 81' lang='grc' dir='ltr'>σίφρονος.</span> <span class='ocrx_word' id='word_1_61' title='bbox 339 1629 386 1672; x_wconf 85' lang='grc' dir='ltr'>α’,</span> <span class='ocrx_word' id='word_1_62' title='bbox 409 1634 453 1666; x_wconf 89' lang='grc'>87</span> <span class='ocrx_word' id='word_1_63' title='bbox 478 1637 545 1668; x_wconf 83' lang='lat' dir='ltr'>etc.</span> <span class='ocrx_word' id='word_1_64' title='bbox 581 1633 624 1666; x_wconf 83' lang='lat' dir='ltr'>de</span> <span class='ocrx_word' id='word_1_65' title='bbox 648 1646 686 1667; x_wconf 87' lang='lat' dir='ltr'>re</span> <span class='ocrx_word' id='word_1_66' title='bbox 710 1640 853 1667; x_wconf 82' lang='lat' dir='ltr'>narrata</span> 
     </span>
     <span class='ocr_line' id='line_1_15' title="bbox 42 1676 850 1721; baseline 0.006 -12"><span class='ocrx_word' id='word_1_67' title='bbox 42 1676 312 1710; x_wconf 82' lang='lat' dir='ltr'>v.annad11.</span> <span class='ocrx_word' id='word_1_68' title='bbox 370 1678 483 1719; x_wconf 73' lang='grc' dir='ltr'><strong>,2Οᾶ</strong></span> <span class='ocrx_word' id='word_1_69' title='bbox 519 1698 564 1703; x_wconf 87' lang='grc'>-</span> <span class='ocrx_word' id='word_1_70' title='bbox 601 1678 708 1715; x_wconf 79' lang='grc' dir='ltr'>οἷον</span> <span class='ocrx_word' id='word_1_71' title='bbox 732 1677 850 1721; x_wconf 75' lang='grc' dir='ltr'>τόδ’,</span> 
     </span>
     <span class='ocr_line' id='line_1_16' title="bbox 43 1721 852 1771; baseline 0.005 -15"><span class='ocrx_word' id='word_1_72' title='bbox 43 1725 82 1756; x_wconf 79' lang='lat' dir='ltr'>ut</span> <span class='ocrx_word' id='word_1_73' title='bbox 106 1723 187 1757; x_wconf 73' lang='lat'>271.</span> <span class='ocrx_word' id='word_1_74' title='bbox 232 1721 286 1758; x_wconf 87' lang='grc' dir='ltr'>τό</span> <span class='ocrx_word' id='word_1_75' title='bbox 299 1724 364 1766; x_wconf 84' lang='grc' dir='ltr'>δε,</span> <span class='ocrx_word' id='word_1_76' title='bbox 389 1725 472 1765; x_wconf 75' lang='lat' dir='ltr'>hoc,</span> <span class='ocrx_word' id='word_1_77' title='bbox 494 1725 586 1771; x_wconf 83' lang='lat' dir='ltr'>quod</span> <span class='ocrx_word' id='word_1_78' title='bbox 609 1726 744 1761; x_wconf 78' lang='lat' dir='ltr'>dictura</span> <span class='ocrx_word' id='word_1_79' title='bbox 767 1738 852 1761; x_wconf 85' lang='lat' dir='ltr'>sum.</span> 
     </span>
    </p>
   </div>
   <div class='ocr_carea' id='block_1_8' title="bbox 44 1766 864 2849">
    <p class='ocr_par' dir='ltr' id='par_1_9' title="bbox 44 1766 450 1813">
     <span class='ocr_line' id='line_1_17' title="bbox 44 1766 450 1813; baseline 0.005 -12"><span class='ocrx_word' id='word_1_80' title='bbox 44 1786 91 1793; x_wconf 94' lang='lat'>—</span> <span class='ocrx_word' id='word_1_81' title='bbox 115 1766 219 1813; x_wconf 78' lang='grc' dir='ltr'>ἔτλη</span> <span class='ocrx_word' id='word_1_82' title='bbox 196 1782 241 1813; x_wconf 89' lang='grc' dir='ltr'><strong>η,</strong></span> <span class='ocrx_word' id='word_1_83' title='bbox 265 1781 371 1805; x_wconf 73' lang='lat' dir='ltr'>ausus</span> <span class='ocrx_word' id='word_1_84' title='bbox 389 1775 450 1804; x_wconf 82' lang='lat' dir='ltr'>est.</span> 
     </span>
    </p>

    <p class='ocr_par' dir='ltr' id='par_1_10' title="bbox 90 1814 475 1862">
     <span class='ocr_line' id='line_1_18' title="bbox 90 1814 475 1862; baseline 0.008 -14"><span class='ocrx_word' id='word_1_85' title='bbox 90 1814 171 1850; x_wconf 78' lang='lat'>243.</span> <span class='ocrx_word' id='word_1_86' title='bbox 216 1817 305 1858; x_wconf 86' lang='lat'>330,</span> <span class='ocrx_word' id='word_1_87' title='bbox 328 1814 372 1862; x_wconf 72' lang='grc' dir='ltr'><strong>γ’,</strong></span> <span class='ocrx_word' id='word_1_88' title='bbox 399 1819 475 1852; x_wconf 91' lang='grc'>100.</span> 
     </span>
    </p>

    <p class='ocr_par' dir='ltr' id='par_1_11' title="bbox 47 1859 858 2507">
     <span class='ocr_line' id='line_1_19' title="bbox 90 1859 856 1918; baseline 0.005 -24"><span class='ocrx_word' id='word_1_89' title='bbox 90 1859 214 1896; x_wconf 78' lang='lat'>244—</span> <span class='ocrx_word' id='word_1_90' title='bbox 223 1863 303 1897; x_wconf 80' lang='grc'><strong>259.</strong></span> <span class='ocrx_word' id='word_1_91' title='bbox 350 1860 501 1897; x_wconf 77' lang='grc' dir='ltr'>αὐτόν</span> <span class='ocrx_word' id='word_1_92' title='bbox 531 1876 612 1908; x_wconf 89' lang='grc' dir='ltr'>μιν</span> <span class='ocrx_word' id='word_1_93' title='bbox 649 1863 766 1918; x_wconf 82' lang='lat' dir='ltr'>prisce</span> <span class='ocrx_word' id='word_1_94' title='bbox 801 1864 856 1898; x_wconf 85' lang='lat' dir='ltr'>di-</span> 
     </span>
     <span class='ocr_line' id='line_1_20' title="bbox 49 1908 855 1953; baseline 0.007 -15"><span class='ocrx_word' id='word_1_95' title='bbox 49 1910 137 1940; x_wconf 84' lang='lat' dir='ltr'>ctum</span> <span class='ocrx_word' id='word_1_96' title='bbox 161 1912 214 1941; x_wconf 85' lang='lat' dir='ltr'>est</span> <span class='ocrx_word' id='word_1_97' title='bbox 238 1919 298 1953; x_wconf 84' lang='lat' dir='ltr'>pro</span> <span class='ocrx_word' id='word_1_98' title='bbox 332 1908 479 1944; x_wconf 71' lang='grc' dir='ltr'>ἑαυτόν.</span> <span class='ocrx_word' id='word_1_99' title='bbox 541 1911 629 1951; x_wconf 87' lang='lat' dir='ltr'>‚wie</span> <span class='ocrx_word' id='word_1_100' title='bbox 653 1911 687 1944; x_wconf 93' lang='lat' dir='ltr'>in</span> <span class='ocrx_word' id='word_1_101' title='bbox 713 1922 855 1945; x_wconf 86' lang='lat' dir='ltr'>unserer</span> 
     </span>
     <span class='ocr_line' id='line_1_21' title="bbox 48 1952 857 1998; baseline 0.006 -13"><span class='ocrx_word' id='word_1_102' title='bbox 48 1952 139 1986; x_wconf 78' lang='lat' dir='ltr'>alten</span> <span class='ocrx_word' id='word_1_103' title='bbox 177 1953 333 1998; x_wconf 85' lang='lat' dir='ltr'>Sprache</span> <span class='ocrx_word' id='word_1_104' title='bbox 374 1957 434 1989; x_wconf 77' lang='lat' dir='ltr'>ihu</span> <span class='ocrx_word' id='word_1_105' title='bbox 475 1957 580 1991; x_wconf 79' lang='lat' dir='ltr'><strong><em>selbst</em></strong></span> <span class='ocrx_word' id='word_1_106' title='bbox 620 1961 752 1991; x_wconf 76' lang='lat' dir='ltr'>anstatt</span> <span class='ocrx_word' id='word_1_107' title='bbox 784 1958 857 1991; x_wconf 75' lang='lat' dir='ltr'><em>sich</em></span> 
     </span>
     <span class='ocr_line' id='line_1_22' title="bbox 48 1999 857 2045; baseline 0.01 -15"><span class='ocrx_word' id='word_1_108' title='bbox 48 1999 163 2033; x_wconf 75' lang='lat' dir='ltr'>selbst.</span> <span class='ocrx_word' id='word_1_109' title='bbox 208 2011 246 2034; x_wconf 84' lang='lat' dir='ltr'>so</span> <span class='ocrx_word' id='word_1_110' title='bbox 271 2003 358 2036; x_wconf 84' lang='lat' dir='ltr'><strong>auch</strong></span> <span class='ocrx_word' id='word_1_111' title='bbox 381 2002 512 2036; x_wconf 88' lang='lat' dir='ltr'><strong>Herod.</strong></span> <span class='ocrx_word' id='word_1_112' title='bbox 540 2006 571 2045; x_wconf 93' lang='lat'>1,</span> <span class='ocrx_word' id='word_1_113' title='bbox 594 2003 671 2038; x_wconf 45' lang='lat'>24*</span> <span class='ocrx_word' id='word_1_114' title='bbox 699 2000 720 2045; x_wconf 85' lang='grc' dir='ltr'>ἢ</span> <span class='ocrx_word' id='word_1_115' title='bbox 739 2001 857 2038; x_wconf 77' lang='grc' dir='ltr'>αὐτὸν</span> 
     </span>
     <span class='ocr_line' id='line_1_23' title="bbox 49 2044 858 2100; baseline 0.009 -22"><span class='ocrx_word' id='word_1_116' title='bbox 49 2044 279 2100; x_wconf 77' lang='grc' dir='ltr'>διαχρᾶσθαί</span> <span class='ocrx_word' id='word_1_117' title='bbox 297 2052 394 2092; x_wconf 72' lang='grc' dir='ltr'>μιν6</span> <span class='ocrx_word' id='word_1_118' title='bbox 399 2049 466 2081; x_wconf 77' lang='lat' dir='ltr'>‘E</span> <span class='ocrx_word' id='word_1_119' title='bbox 486 2049 533 2085; x_wconf 87' lang='lat' dir='ltr'>N.</span> <span class='ocrx_word' id='word_1_120' title='bbox 582 2051 655 2083; x_wconf 89' lang='lat' dir='ltr'>Am.</span> <span class='ocrx_word' id='word_1_121' title='bbox 682 2050 746 2090; x_wconf 84' lang='lat' dir='ltr'>Q.:</span> <span class='ocrx_word' id='word_1_122' title='bbox 772 2063 858 2085; x_wconf 86' lang='grc' dir='ltr'>αυ-</span> 
     </span>
     <span class='ocr_line' id='line_1_24' title="bbox 49 2089 855 2154; baseline 0.009 -29"><span class='ocrx_word' id='word_1_123' title='bbox 49 2089 134 2128; x_wconf 87' lang='grc' dir='ltr'>τόν</span> <span class='ocrx_word' id='word_1_124' title='bbox 165 2105 249 2136; x_wconf 88' lang='grc' dir='ltr'>μιν</span> <span class='ocrx_word' id='word_1_125' title='bbox 283 2099 356 2130; x_wconf 83' lang='grc' dir='ltr'><strong>πλ.</strong></span> <span class='ocrx_word' id='word_1_126' title='bbox 392 2094 532 2139; x_wconf 84' lang='grc' dir='ltr'>ταύτην</span> <span class='ocrx_word' id='word_1_127' title='bbox 562 2094 755 2154; x_wconf 75' lang='grc' dir='ltr'><em>ἐπελέξατο</em></span> <span class='ocrx_word' id='word_1_128' title='bbox 788 2110 855 2132; x_wconf 89' lang='grc' dir='ltr'>του</span> 
     </span>
     <span class='ocr_line' id='line_1_25' title="bbox 47 2134 858 2199; baseline 0.009 -27"><span class='ocrx_word' id='word_1_129' title='bbox 47 2134 187 2181; x_wconf 73' lang='grc' dir='ltr'>ἀνδρὸς</span> <span class='ocrx_word' id='word_1_130' title='bbox 211 2140 280 2184; x_wconf 85' lang='grc' dir='ltr'>τήν</span> <span class='ocrx_word' id='word_1_131' title='bbox 312 2142 467 2185; x_wconf 80' lang='grc' dir='ltr'>πρᾶξιν,</span> <span class='ocrx_word' id='word_1_132' title='bbox 493 2141 532 2176; x_wconf 81' lang='grc' dir='ltr'>ἐν</span> <span class='ocrx_word' id='word_1_133' title='bbox 553 2138 577 2188; x_wconf 82' lang='grc' dir='ltr'><em>ᾗ</em></span> <span class='ocrx_word' id='word_1_134' title='bbox 597 2142 638 2178; x_wconf 81' lang='grc' dir='ltr'>τὸ</span> <span class='ocrx_word' id='word_1_135' title='bbox 664 2143 740 2199; x_wconf 64' lang='grc' dir='ltr'>πᾶν</span> <span class='ocrx_word' id='word_1_136' title='bbox 759 2156 858 2188; x_wconf 79' lang='grc' dir='ltr'>ωφε-</span> 
     </span>
     <span class='ocr_line' id='line_1_26' title="bbox 47 2186 858 2246; baseline 0.007 -27"><span class='ocrx_word' id='word_1_137' title='bbox 47 2186 182 2229; x_wconf 74' lang='grc' dir='ltr'>ληκυῖα</span> <span class='ocrx_word' id='word_1_138' title='bbox 199 2186 317 2222; x_wconf 73' lang='grc' dir='ltr'>αὐτὸν</span> <span class='ocrx_word' id='word_1_139' title='bbox 336 2191 528 2232; x_wconf 82' lang='grc' dir='ltr'>φαίνεται·</span> <span class='ocrx_word' id='word_1_140' title='bbox 555 2191 658 2225; x_wconf 81' lang='grc' dir='ltr'>αἰτία</span> <span class='ocrx_word' id='word_1_141' title='bbox 677 2189 760 2246; x_wconf 73' lang='grc' dir='ltr'>γάρ</span> <span class='ocrx_word' id='word_1_142' title='bbox 766 2191 858 2225; x_wconf 79' lang='grc' dir='ltr'>πᾶσι</span> 
     </span>
     <span class='ocr_line' id='line_1_27' title="bbox 48 2233 857 2279; baseline 0.007 -13"><span class='ocrx_word' id='word_1_143' title='bbox 48 2233 267 2268; x_wconf 79' lang='grc' dir='ltr'>καθεστῶσα</span> <span class='ocrx_word' id='word_1_144' title='bbox 295 2236 369 2269; x_wconf 77' lang='grc' dir='ltr'>τῶν</span> <span class='ocrx_word' id='word_1_145' title='bbox 397 2237 601 2279; x_wconf 79' lang='grc' dir='ltr'>συμφορῶν</span> <span class='ocrx_word' id='word_1_146' title='bbox 636 2249 704 2271; x_wconf 86' lang='grc' dir='ltr'>ουκ</span> <span class='ocrx_word' id='word_1_147' title='bbox 737 2234 857 2272; x_wconf 83' lang='grc' dir='ltr'>α”λλων</span> 
     </span>
     <span class='ocr_line' id='line_1_28' title="bbox 49 2275 858 2339; baseline 0.007 -27"><span class='ocrx_word' id='word_1_148' title='bbox 49 2275 187 2335; x_wconf 71' lang='grc' dir='ltr'>(ἄλλην</span> <span class='ocrx_word' id='word_1_149' title='bbox 201 2280 345 2339; x_wconf 81' lang='lat' dir='ltr'>Buttm.)</span> <span class='ocrx_word' id='word_1_150' title='bbox 362 2279 567 2325; x_wconf 65' lang='grc' dir='ltr'>ἀπολογίαν</span> <span class='ocrx_word' id='word_1_151' title='bbox 587 2296 726 2326; x_wconf 84' lang='grc' dir='ltr'>ευρετο.</span> <span class='ocrx_word' id='word_1_152' title='bbox 751 2283 858 2318; x_wconf 87' lang='grc' dir='ltr'>δεόν-</span> 
     </span>
     <span class='ocr_line' id='line_1_29' title="bbox 52 2320 858 2374; baseline 0.009 -16"><span class='ocrx_word' id='word_1_153' title='bbox 52 2337 123 2364; x_wconf 82' lang='grc' dir='ltr'>τως</span> <span class='ocrx_word' id='word_1_154' title='bbox 141 2320 209 2360; x_wconf 79' lang='grc' dir='ltr'>οὖν</span> <span class='ocrx_word' id='word_1_155' title='bbox 227 2325 422 2363; x_wconf 77' lang='grc' dir='ltr'>ἐπιλεαίνει</span> <span class='ocrx_word' id='word_1_156' title='bbox 447 2329 494 2363; x_wconf 82' lang='grc' dir='ltr'>τοὶ</span> <span class='ocrx_word' id='word_1_157' title='bbox 512 2329 662 2374; x_wconf 79' lang='grc' dir='ltr'>χαλεπά</span> <span class='ocrx_word' id='word_1_158' title='bbox 686 2349 732 2355; x_wconf 92' lang='lat'>—</span> <span class='ocrx_word' id='word_1_159' title='bbox 758 2329 858 2365; x_wconf 76' lang='grc' dir='ltr'>εἰει-</span> 
     </span>
     <span class='ocr_line' id='line_1_30' title="bbox 52 2373 859 2422; baseline 0.008 -17"><span class='ocrx_word' id='word_1_160' title='bbox 52 2373 254 2416; x_wconf 77' lang='grc' dir='ltr'>κελίῃσι,</span> <span class='ocrx_word' id='word_1_161' title='bbox 288 2375 522 2416; x_wconf 85' lang='grc' dir='ltr'>αἰκιστικαῖς,</span> <span class='ocrx_word' id='word_1_162' title='bbox 563 2376 671 2411; x_wconf 83' lang='lat' dir='ltr'>libero</span> <span class='ocrx_word' id='word_1_163' title='bbox 695 2375 859 2422; x_wconf 82' lang='lat' dir='ltr'>indignis.</span> 
     </span>
     <span class='ocr_line' id='line_1_31' title="bbox 55 2416 860 2468; baseline 0.009 -18"><span class='ocrx_word' id='word_1_164' title='bbox 55 2418 101 2451; x_wconf 74' lang='lat' dir='ltr'>cf.</span> <span class='ocrx_word' id='word_1_165' title='bbox 123 2417 165 2451; x_wconf 84' lang='lat' dir='ltr'>Il.</span> <span class='ocrx_word' id='word_1_166' title='bbox 193 2416 237 2463; x_wconf 73' lang='grc' dir='ltr'><strong>β’,</strong></span> <span class='ocrx_word' id='word_1_167' title='bbox 260 2419 340 2461; x_wconf 78' lang='grc'><strong>264,</strong></span> <span class='ocrx_word' id='word_1_168' title='bbox 364 2420 406 2464; x_wconf 76' lang='grc' dir='ltr'><strong>ξ’,</strong></span> <span class='ocrx_word' id='word_1_169' title='bbox 422 2421 478 2462; x_wconf 88' lang='lat'>84,</span> <span class='ocrx_word' id='word_1_170' title='bbox 504 2423 633 2468; x_wconf 76' lang='lat' dir='ltr'><strong>Ody.ss</strong></span> <span class='ocrx_word' id='word_1_171' title='bbox 649 2421 690 2466; x_wconf 72' lang='grc' dir='ltr'><strong>ζ,</strong></span> <span class='ocrx_word' id='word_1_172' title='bbox 706 2423 775 2457; x_wconf 73' lang='lat'>242</span> <span class='ocrx_word' id='word_1_173' title='bbox 791 2430 860 2459; x_wconf 82' lang='lat' dir='ltr'>etc.</span> 
     </span>
     <span class='ocr_line' id='line_1_32' title="bbox 53 2463 860 2517; baseline 0.008 -20"><span class='ocrx_word' id='word_1_174' title='bbox 53 2480 98 2488; x_wconf 96' lang='lat'>—</span> <span class='ocrx_word' id='word_1_175' title='bbox 81 2463 402 2517; x_wconf 76' lang='grc' dir='ltr'>δαμάσσας,</span> <span class='ocrx_word' id='word_1_176' title='bbox 426 2469 585 2510; x_wconf 79' lang='lat' dir='ltr'>domans,</span> <span class='ocrx_word' id='word_1_177' title='bbox 610 2471 779 2503; x_wconf 70' lang='lat' dir='ltr'>sauciam.</span> <span class='ocrx_word' id='word_1_178' title='bbox 819 2470 860 2503; x_wconf 82' lang='grc' dir='ltr'>ΙΙ.</span> 
     </span>
    </p>

    <p class='ocr_par' dir='ltr' id='par_1_12' title="bbox 52 2511 864 2839">
     <span class='ocr_line' id='line_1_33' title="bbox 93 2511 860 2561; baseline 0.007 -16.239"><span class='ocrx_word' id='word_1_179' title='bbox 93 2511 230 2550; x_wconf 89' lang='grc'><strong>,8..16</strong></span> <span class='ocrx_word' id='word_1_180' title='bbox 254 2511 467 2555; x_wconf 75' lang='grc' dir='ltr'>Πάτροκλος</span> <span class='ocrx_word' id='word_1_181' title='bbox 485 2513 525 2550; x_wconf 78' lang='grc' dir='ltr'>δὲ</span> <span class='ocrx_word' id='word_1_182' title='bbox 542 2517 640 2550; x_wconf 80' lang='grc' dir='ltr'>θεου</span> <span class='ocrx_word' id='word_1_183' title='bbox 660 2516 780 2561; x_wconf 81' lang='grc' dir='ltr'>πληγῇ</span> <span class='ocrx_word' id='word_1_184' title='bbox 799 2516 860 2550; x_wconf 81' lang='grc' dir='ltr'>καὶ</span> 
     </span>
     <span class='ocr_line' id='line_1_34' title="bbox 55 2555 862 2601; baseline 0.007 -12"><span class='ocrx_word' id='word_1_185' title='bbox 55 2555 164 2599; x_wconf 80' lang='grc' dir='ltr'>δουρι</span> <span class='ocrx_word' id='word_1_186' title='bbox 195 2559 401 2601; x_wconf 78' lang='grc' dir='ltr'>δαμασθεὶς</span> <span class='ocrx_word' id='word_1_187' title='bbox 428 2566 494 2594; x_wconf 82' lang='lat' dir='ltr'>etc.</span> <span class='ocrx_word' id='word_1_188' title='bbox 534 2563 588 2596; x_wconf 87' lang='lat' dir='ltr'>cui</span> <span class='ocrx_word' id='word_1_189' title='bbox 615 2574 682 2596; x_wconf 92' lang='lat' dir='ltr'>non</span> <span class='ocrx_word' id='word_1_190' title='bbox 707 2563 741 2595; x_wconf 86' lang='lat' dir='ltr'>in</span> <span class='ocrx_word' id='word_1_191' title='bbox 768 2574 862 2596; x_wconf 82' lang='lat' dir='ltr'>men-</span> 
     </span>
     <span class='ocr_line' id='line_1_35' title="bbox 53 2604 862 2654; baseline 0.007 -19"><span class='ocrx_word' id='word_1_192' title='bbox 53 2608 135 2636; x_wconf 78' lang='lat' dir='ltr'>tem</span> <span class='ocrx_word' id='word_1_193' title='bbox 146 2604 270 2643; x_wconf 82' lang='lat' dir='ltr'>veniat,</span> <span class='ocrx_word' id='word_1_194' title='bbox 295 2604 380 2639; x_wconf 74' lang='lat' dir='ltr'>haec</span> <span class='ocrx_word' id='word_1_195' title='bbox 402 2606 542 2651; x_wconf 79' lang='lat' dir='ltr'>legenti,</span> <span class='ocrx_word' id='word_1_196' title='bbox 565 2608 694 2642; x_wconf 77' lang='lat' dir='ltr'>fraudis</span> <span class='ocrx_word' id='word_1_197' title='bbox 717 2609 862 2654; x_wconf 65' lang='lat' dir='ltr'>Zopyri,</span> 
     </span>
     <span class='ocr_line' id='line_1_36' title="bbox 52 2650 861 2697; baseline 0.009 -15"><span class='ocrx_word' id='word_1_198' title='bbox 52 2659 120 2692; x_wconf 74' lang='lat' dir='ltr'>qua</span> <span class='ocrx_word' id='word_1_199' title='bbox 143 2650 353 2694; x_wconf 80' lang='lat' dir='ltr'><strong>Babylonem</strong></span> <span class='ocrx_word' id='word_1_200' title='bbox 378 2653 470 2697; x_wconf 86' lang='lat' dir='ltr'><strong>cepit</strong></span> <span class='ocrx_word' id='word_1_201' title='bbox 491 2653 646 2688; x_wconf 70' lang='lat' dir='ltr'>Darius?</span> <span class='ocrx_word' id='word_1_202' title='bbox 673 2655 803 2688; x_wconf 87' lang='lat' dir='ltr'>Herod.</span> <span class='ocrx_word' id='word_1_203' title='bbox 825 2657 861 2696; x_wconf 85' lang='lat'>3,</span> 
     </span>
     <span class='ocr_line' id='line_1_37' title="bbox 55 2694 861 2751; baseline 0.01 -23"><span class='ocrx_word' id='word_1_204' title='bbox 55 2694 154 2730; x_wconf 41' lang='lat'>154³</span> <span class='ocrx_word' id='word_1_205' title='bbox 181 2695 276 2740; x_wconf 79' lang='grc' dir='ltr'>ἄλλῳ</span> <span class='ocrx_word' id='word_1_206' title='bbox 304 2696 372 2740; x_wconf 82' lang='grc' dir='ltr'>μέν</span> <span class='ocrx_word' id='word_1_207' title='bbox 399 2711 469 2733; x_wconf 85' lang='grc' dir='ltr'>νυν</span> <span class='ocrx_word' id='word_1_208' title='bbox 485 2697 552 2734; x_wconf 80' lang='grc' dir='ltr'>ουίι</span> <span class='ocrx_word' id='word_1_209' title='bbox 572 2699 781 2751; x_wconf 73' lang='grc' dir='ltr'>ἐφράζετο</span> <span class='ocrx_word' id='word_1_210' title='bbox 769 2700 861 2747; x_wconf 82' lang='grc' dir='ltr'>ε’ργῳ</span> 
     </span>
     <span class='ocr_line' id='line_1_38' title="bbox 55 2741 864 2802; baseline 0.007 -27"><span class='ocrx_word' id='word_1_211' title='bbox 55 2741 217 2783; x_wconf 79' lang='grc' dir='ltr'>δυνατὸς</span> <span class='ocrx_word' id='word_1_212' title='bbox 234 2743 331 2779; x_wconf 86' lang='grc' dir='ltr'>εἷναί</span> <span class='ocrx_word' id='word_1_213' title='bbox 344 2757 410 2788; x_wconf 87' lang='grc' dir='ltr'>μιν</span> <span class='ocrx_word' id='word_1_214' title='bbox 432 2745 697 2802; x_wconf 85' lang='lat' dir='ltr'>(Babylonem)</span> <span class='ocrx_word' id='word_1_215' title='bbox 716 2760 864 2792; x_wconf 80' lang='grc' dir='ltr'>υποχει-</span> 
     </span>
     <span class='ocr_line' id='line_1_39' title="bbox 57 2789 862 2849; baseline 0.007 -26"><span class='ocrx_word' id='word_1_216' title='bbox 57 2789 140 2833; x_wconf 64' lang='lat' dir='ltr'>olm</span> <span class='ocrx_word' id='word_1_217' title='bbox 161 2791 338 2845; x_wconf 84' lang='grc' dir='ltr'>ποιῆσαι,</span> <span class='ocrx_word' id='word_1_218' title='bbox 363 2792 398 2826; x_wconf 86' lang='grc' dir='ltr'>εἰ</span> <span class='ocrx_word' id='word_1_219' title='bbox 421 2789 458 2826; x_wconf 86' lang='grc' dir='ltr'>δ’</span> <span class='ocrx_word' id='word_1_220' title='bbox 484 2791 624 2828; x_wconf 73' lang='grc' dir='ltr'>ἑωυτόν</span> <span class='ocrx_word' id='word_1_221' title='bbox 631 2794 862 2849; x_wconf 83' lang='grc' dir='ltr'>λωβησάμε-</span> 
     </span>
    </p>
   </div>
   <div class='ocr_carea' id='block_1_9' title="bbox 0 2833 861 2882">
    <p class='ocr_par' dir='ltr' id='par_1_13' title="bbox 0 2833 861 2882">
     <span class='ocr_line' id='line_1_40' title="bbox 0 2833 861 2882; baseline 0.009 -15"><span class='ocrx_word' id='word_1_222' title='bbox 0 2879 1 2882; x_wconf 13' lang='grc' dir='ltr'><strong>Ὶ</strong></span> <span class='ocrx_word' id='word_1_223' title='bbox 56 2846 121 2876; x_wconf 83' lang='grc' dir='ltr'>νος</span> <span class='ocrx_word' id='word_1_224' title='bbox 158 2833 420 2882; x_wconf 75' lang='grc' dir='ltr'>αὐτομολήσειε</span> <span class='ocrx_word' id='word_1_225' title='bbox 457 2835 493 2879; x_wconf 77' lang='grc' dir='ltr'><strong><em>ἐς</em></strong></span> <span class='ocrx_word' id='word_1_226' title='bbox 524 2836 662 2879; x_wconf 70' lang='grc' dir='ltr'>αὐτους</span> <span class='ocrx_word' id='word_1_227' title='bbox 700 2848 766 2874; x_wconf 89' lang='lat' dir='ltr'>etc.</span> <span class='ocrx_word' id='word_1_228' title='bbox 815 2843 861 2876; x_wconf 81' lang='lat' dir='ltr'>cf.</span> 
     </span>
    </p>
   </div>
   <div class='ocr_carea' id='block_1_10' title="bbox 56 2879 863 2932">
    <p class='ocr_par' dir='ltr' id='par_1_14' title="bbox 56 2879 863 2932">
     <span class='ocr_line' id='line_1_41' title="bbox 56 2879 863 2932; baseline 0.01 -18"><span class='ocrx_word' id='word_1_229' title='bbox 56 2879 180 2916; x_wconf 77' lang='lat' dir='ltr'>lustin.</span> <span class='ocrx_word' id='word_1_230' title='bbox 200 2885 232 2925; x_wconf 87' lang='lat'>1,</span> <span class='ocrx_word' id='word_1_231' title='bbox 256 2887 309 2919; x_wconf 81' lang='lat'>10.</span> <span class='ocrx_word' id='word_1_232' title='bbox 333 2882 434 2919; x_wconf 77' lang='lat' dir='ltr'>simili</span> <span class='ocrx_word' id='word_1_233' title='bbox 458 2889 529 2918; x_wconf 83' lang='lat' dir='ltr'>tum</span> <span class='ocrx_word' id='word_1_234' title='bbox 554 2885 696 2920; x_wconf 80' lang='lat' dir='ltr'>consilio</span> <span class='ocrx_word' id='word_1_235' title='bbox 716 2888 863 2932; x_wconf 76' lang='lat' dir='ltr'>Ulysses</span> 
     </span>
    </p>
   </div>
   <div class='ocr_carea' id='block_1_11' title="bbox 2 2926 863 2991">
    <p class='ocr_par' dir='ltr' id='par_1_15' title="bbox 2 2926 863 2991">
     <span class='ocr_line' id='line_1_42' title="bbox 2 2926 863 2991; baseline 0.013 -32"><span class='ocrx_word' id='word_1_236' title='bbox 2 2944 5 2972; x_wconf 63' lang='lat'>¹,</span> <span class='ocrx_word' id='word_1_237' title='bbox 56 2926 198 2962; x_wconf 73' lang='lat' dir='ltr'>intravit</span> <span class='ocrx_word' id='word_1_238' title='bbox 223 2930 391 2975; x_wconf 85' lang='lat' dir='ltr'>Trojam,</span> <span class='ocrx_word' id='word_1_239' title='bbox 429 2930 465 2965; x_wconf 74' lang='grc' dir='ltr'>οἱ</span> <span class='ocrx_word' id='word_1_240' title='bbox 493 2929 581 2974; x_wconf 72' lang='grc' dir='ltr'>μὶν,</span> <span class='ocrx_word' id='word_1_241' title='bbox 616 2932 678 2966; x_wconf 79' lang='grc' dir='ltr'>’ἵνα</span> <span class='ocrx_word' id='word_1_242' title='bbox 703 2934 863 2991; x_wconf 80' lang='grc' dir='ltr'>μετρήσῃ</span> 
     </span>
    </p>
   </div>
   <div class='ocr_carea' id='block_1_12' title="bbox 512 108 1204 150">
    <p class='ocr_par' dir='ltr' id='par_1_16' title="bbox 512 108 1204 150">
     <span class='ocr_line' id='line_1_43' title="bbox 512 108 1204 150; baseline -0.003 0"><span class='ocrx_word' id='word_1_243' title='bbox 512 108 1099 150; x_wconf 70' lang='grc' dir='ltr'><strong>ΟΔΥΣΣΕΙΛΣ</strong></span> <span class='ocrx_word' id='word_1_244' title='bbox 1151 112 1204 149; x_wconf 88' lang='grc' dir='ltr'>Δ.</span> 
     </span>
    </p>
   </div>
   <div class='ocr_carea' id='block_1_13' title="bbox 1602 112 1687 152">
    <p class='ocr_par' dir='ltr' id='par_1_17' title="bbox 1602 112 1687 152">
     <span class='ocr_line' id='line_1_44' title="bbox 1602 112 1687 152; baseline -0.012 0"><span class='ocrx_word' id='word_1_245' title='bbox 1602 112 1687 152; x_wconf 75' lang='lat'>123</span> 
     </span>
    </p>
   </div>
   <div class='ocr_carea' id='block_1_14' title="bbox 248 217 1685 267">
    <p class='ocr_par' dir='ltr' id='par_1_18' title="bbox 248 217 1685 267">
     <span class='ocr_line' id='line_1_45' title="bbox 248 217 1685 267; baseline 0.001 -15"><span class='ocrx_word' id='word_1_246' title='bbox 248 223 319 253; x_wconf 82' lang='lat' dir='ltr'>tum</span> <span class='ocrx_word' id='word_1_247' title='bbox 354 223 472 253; x_wconf 83' lang='lat' dir='ltr'>narrat</span> <span class='ocrx_word' id='word_1_248' title='bbox 506 218 550 252; x_wconf 86' lang='lat' dir='ltr'>de</span> <span class='ocrx_word' id='word_1_249' title='bbox 585 219 723 265; x_wconf 77' lang='lat' dir='ltr'>Ulyssis</span> <span class='ocrx_word' id='word_1_250' title='bbox 755 218 835 253; x_wconf 89' lang='lat' dir='ltr'>olim</span> <span class='ocrx_word' id='word_1_251' title='bbox 870 217 1037 260; x_wconf 81' lang='lat' dir='ltr'>audacia,</span> <span class='ocrx_word' id='word_1_252' title='bbox 1073 217 1218 263; x_wconf 70' lang='lat' dir='ltr'>Troiam</span> <span class='ocrx_word' id='word_1_253' title='bbox 1243 218 1391 263; x_wconf 78' lang='lat' dir='ltr'>ingressi</span> <span class='ocrx_word' id='word_1_254' title='bbox 1415 221 1533 267; x_wconf 74' lang='lat' dir='ltr'>specie</span> <span class='ocrx_word' id='word_1_255' title='bbox 1556 220 1685 262; x_wconf 80' lang='lat' dir='ltr'>famuli,</span> 
     </span>
    </p>
   </div>
   <div class='ocr_carea' id='block_1_15' title="bbox 31 329 1622 1129">
    <p class='ocr_par' dir='ltr' id='par_1_19' title="bbox 200 329 1622 615">
     <span class='ocr_line' id='line_1_46' title="bbox 259 329 1323 388; baseline -0.001 -13"><span class='ocrx_word' id='word_1_256' title='bbox 259 331 485 388; x_wconf 86' lang='grc' dir='ltr'>,,Ἀτρείδη</span> <span class='ocrx_word' id='word_1_257' title='bbox 518 333 718 377; x_wconf 82' lang='grc' dir='ltr'><strong><em>Μενέλαε</em></strong></span> <span class='ocrx_word' id='word_1_258' title='bbox 747 330 994 385; x_wconf 75' lang='grc' dir='ltr'>διοτρεφὲς,</span> <span class='ocrx_word' id='word_1_259' title='bbox 1023 329 1099 386; x_wconf 77' lang='grc' dir='ltr'>ἠδὲ</span> <span class='ocrx_word' id='word_1_260' title='bbox 1127 330 1203 374; x_wconf 85' lang='grc' dir='ltr'>καὶ</span> <span class='ocrx_word' id='word_1_261' title='bbox 1232 332 1323 374; x_wconf 80' lang='grc' dir='ltr'>οἵδε</span> 
     </span>
     <span class='ocr_line' id='line_1_47' title="bbox 205 386 1403 458; baseline -0.002 -26"><span class='ocrx_word' id='word_1_262' title='bbox 205 387 383 458; x_wconf 77' lang='grc' dir='ltr'>ἀνδρῶν</span> <span class='ocrx_word' id='word_1_263' title='bbox 412 389 584 433; x_wconf 79' lang='grc' dir='ltr'>ἐσθλων</span> <span class='ocrx_word' id='word_1_264' title='bbox 611 392 764 440; x_wconf 85' lang='grc' dir='ltr'>παῖδες</span> <span class='ocrx_word' id='word_1_265' title='bbox 797 388 937 445; x_wconf 82' lang='grc' dir='ltr'>(ἆταρ</span> <span class='ocrx_word' id='word_1_266' title='bbox 968 388 1073 439; x_wconf 74' lang='grc' dir='ltr'>θεὸς</span> <span class='ocrx_word' id='word_1_267' title='bbox 1102 386 1256 431; x_wconf 86' lang='grc' dir='ltr'>άλλοτε</span> <span class='ocrx_word' id='word_1_268' title='bbox 1287 387 1403 458; x_wconf 76' lang='grc' dir='ltr'>ἄλλῳ</span> 
     </span>
     <span class='ocr_line' id='line_1_48' title="bbox 206 443 1622 506; baseline 0 -17"><span class='ocrx_word' id='word_1_269' title='bbox 206 445 317 496; x_wconf 77' lang='grc' dir='ltr'>Ζεύς</span> <span class='ocrx_word' id='word_1_270' title='bbox 347 443 523 499; x_wconf 80' lang='grc' dir='ltr'>ἀγαθόν</span> <span class='ocrx_word' id='word_1_271' title='bbox 549 463 615 499; x_wconf 91' lang='grc' dir='ltr'>τε,</span> <span class='ocrx_word' id='word_1_272' title='bbox 642 446 781 490; x_wconf 83' lang='grc' dir='ltr'>κακόν</span> <span class='ocrx_word' id='word_1_273' title='bbox 807 461 876 496; x_wconf 88' lang='grc' dir='ltr'>τε,</span> <span class='ocrx_word' id='word_1_274' title='bbox 907 445 1045 488; x_wconf 87' lang='grc' dir='ltr'>διδοῖ·</span> <span class='ocrx_word' id='word_1_275' title='bbox 1075 444 1263 488; x_wconf 89' lang='grc' dir='ltr'>δυ’ναται</span> <span class='ocrx_word' id='word_1_276' title='bbox 1291 446 1376 501; x_wconf 75' lang='grc' dir='ltr'>γὰρ</span> <span class='ocrx_word' id='word_1_277' title='bbox 1407 444 1578 506; x_wconf 78' lang='grc' dir='ltr'>ἅπαντα</span> <span class='ocrx_word' id='word_1_278' title='bbox 1589 446 1622 501; x_wconf 88' lang='grc'>),</span> 
     </span>
     <span class='ocr_line' id='line_1_49' title="bbox 200 500 1286 571; baseline 0 -27"><span class='ocrx_word' id='word_1_279' title='bbox 200 504 298 558; x_wconf 84' lang='grc' dir='ltr'>ἡτοι</span> <span class='ocrx_word' id='word_1_280' title='bbox 326 505 411 545; x_wconf 86' lang='grc' dir='ltr'>νῦν</span> <span class='ocrx_word' id='word_1_281' title='bbox 435 504 667 553; x_wconf 82' lang='grc' dir='ltr'><strong>δαίνυσθε,</strong></span> <span class='ocrx_word' id='word_1_282' title='bbox 696 500 940 571; x_wconf 81' lang='grc' dir='ltr'>καθήμενοι</span> <span class='ocrx_word' id='word_1_283' title='bbox 967 501 1016 544; x_wconf 80' lang='grc' dir='ltr'>ἐν</span> <span class='ocrx_word' id='word_1_284' title='bbox 1044 501 1286 557; x_wconf 79' lang='grc' dir='ltr'>μεγάροισι,</span> 
     </span>
     <span class='ocr_line' id='line_1_50' title="bbox 203 557 1310 630; baseline 0 -29"><span class='ocrx_word' id='word_1_285' title='bbox 203 559 279 602; x_wconf 84' lang='grc' dir='ltr'>καὶ</span> <span class='ocrx_word' id='word_1_286' title='bbox 306 558 468 613; x_wconf 82' lang='grc' dir='ltr'>μύθοις</span> <span class='ocrx_word' id='word_1_287' title='bbox 495 560 728 630; x_wconf 79' lang='grc' dir='ltr'><strong>τέρπεσθε·</strong></span> <span class='ocrx_word' id='word_1_288' title='bbox 760 557 934 603; x_wconf 82' lang='grc' dir='ltr'>ἐοικότα</span> <span class='ocrx_word' id='word_1_289' title='bbox 962 557 1048 614; x_wconf 75' lang='grc' dir='ltr'>γάρ</span> <span class='ocrx_word' id='word_1_290' title='bbox 1078 558 1310 608; x_wconf 77' lang='grc' dir='ltr'><strong>καταλέξω.</strong></span> 
     </span>
    </p>

    <p class='ocr_par' dir='ltr' id='par_1_20' title="bbox 31 613 1447 1129">
     <span class='ocr_line' id='line_1_51' title="bbox 93 613 1447 685; baseline -0.001 -25"><span class='ocrx_word' id='word_1_291' title='bbox 93 619 175 661; x_wconf 75' lang='grc'>240</span> <span class='ocrx_word' id='word_1_292' title='bbox 203 615 347 658; x_wconf 88' lang='grc' dir='ltr'>πάντα</span> <span class='ocrx_word' id='word_1_293' title='bbox 375 615 455 670; x_wconf 76' lang='grc' dir='ltr'>μὲν</span> <span class='ocrx_word' id='word_1_294' title='bbox 487 615 570 660; x_wconf 81' lang='grc' dir='ltr'>οὐκ</span> <span class='ocrx_word' id='word_1_295' title='bbox 604 633 661 660; x_wconf 89' lang='grc' dir='ltr'>αν</span> <span class='ocrx_word' id='word_1_296' title='bbox 689 616 772 672; x_wconf 75' lang='grc' dir='ltr'>ἐγώ</span> <span class='ocrx_word' id='word_1_297' title='bbox 804 615 1062 685; x_wconf 81' lang='grc' dir='ltr'>μυθήσομαι</span> <span class='ocrx_word' id='word_1_298' title='bbox 1095 614 1199 658; x_wconf 75' lang='grc' dir='ltr'>οὐδ’</span> <span class='ocrx_word' id='word_1_299' title='bbox 1226 613 1447 672; x_wconf 80' lang='grc' dir='ltr'>ὀνομήνω,</span> 
     </span>
     <span class='ocr_line' id='line_1_52' title="bbox 207 671 1293 745; baseline 0 -31"><span class='ocrx_word' id='word_1_300' title='bbox 207 671 334 715; x_wconf 81' lang='grc' dir='ltr'>ὅσσοι</span> <span class='ocrx_word' id='word_1_301' title='bbox 364 672 606 745; x_wconf 82' lang='grc' dir='ltr'>Ὀδυσσῆος</span> <span class='ocrx_word' id='word_1_302' title='bbox 633 671 959 727; x_wconf 83' lang='grc' dir='ltr'>ταλασίφρονός</span> <span class='ocrx_word' id='word_1_303' title='bbox 987 673 1098 715; x_wconf 84' lang='grc' dir='ltr'>εἰσιν</span> <span class='ocrx_word' id='word_1_304' title='bbox 1126 671 1293 724; x_wconf 77' lang='grc' dir='ltr'>ἄεθλοι,</span> 
     </span>
     <span class='ocr_line' id='line_1_53' title="bbox 206 726 1313 785; baseline -0.002 -13"><span class='ocrx_word' id='word_1_305' title='bbox 206 728 307 775; x_wconf 72' lang='grc' dir='ltr'>ἀλλ’</span> <span class='ocrx_word' id='word_1_306' title='bbox 338 726 435 773; x_wconf 84' lang='grc' dir='ltr'>οἷον</span> <span class='ocrx_word' id='word_1_307' title='bbox 463 729 561 773; x_wconf 84' lang='grc' dir='ltr'>τόδ’</span> <span class='ocrx_word' id='word_1_308' title='bbox 587 731 704 783; x_wconf 76' lang='grc' dir='ltr'>ἔρεξε</span> <span class='ocrx_word' id='word_1_309' title='bbox 731 731 805 773; x_wconf 83' lang='grc' dir='ltr'>καὶ</span> <span class='ocrx_word' id='word_1_310' title='bbox 834 730 931 785; x_wconf 75' lang='grc' dir='ltr'>ἔτλη</span> <span class='ocrx_word' id='word_1_311' title='bbox 960 730 1171 782; x_wconf 82' lang='grc' dir='ltr'>καρτερός</span> <span class='ocrx_word' id='word_1_312' title='bbox 1200 728 1313 783; x_wconf 80' lang='grc' dir='ltr'>ἀνὴρ</span> 
     </span>
     <span class='ocr_line' id='line_1_54' title="bbox 208 783 1349 856; baseline 0 -28"><span class='ocrx_word' id='word_1_313' title='bbox 208 785 376 856; x_wconf 80' lang='grc' dir='ltr'>δήμῳ’</span> <span class='ocrx_word' id='word_1_314' title='bbox 361 786 427 830; x_wconf 88' lang='grc' dir='ltr'>ε’νι</span> <span class='ocrx_word' id='word_1_315' title='bbox 459 786 644 840; x_wconf 79' lang='grc' dir='ltr'><strong>Τρώων,</strong></span> <span class='ocrx_word' id='word_1_316' title='bbox 674 787 750 831; x_wconf 82' lang='grc' dir='ltr'>ὅθι</span> <span class='ocrx_word' id='word_1_317' title='bbox 777 786 958 841; x_wconf 79' lang='grc' dir='ltr'>πάσχετε</span> <span class='ocrx_word' id='word_1_318' title='bbox 986 785 1150 854; x_wconf 82' lang='grc' dir='ltr'>πήματ’</span> <span class='ocrx_word' id='word_1_319' title='bbox 1175 783 1349 841; x_wconf 76' lang='grc' dir='ltr'>Ἀχαιοί.</span> 
     </span>
     <span class='ocr_line' id='line_1_55' title="bbox 211 841 1233 915; baseline 0 -31"><span class='ocrx_word' id='word_1_320' title='bbox 211 842 350 886; x_wconf 78' lang='grc' dir='ltr'>αὐτόν</span> <span class='ocrx_word' id='word_1_321' title='bbox 379 859 457 898; x_wconf 92' lang='grc' dir='ltr'>μιν</span> <span class='ocrx_word' id='word_1_322' title='bbox 485 847 708 915; x_wconf 81' lang='grc' dir='ltr'>πληγῇσιν</span> <span class='ocrx_word' id='word_1_323' title='bbox 732 843 968 898; x_wconf 75' lang='grc' dir='ltr'>ἀεικελίῃσι</span> <span class='ocrx_word' id='word_1_324' title='bbox 997 841 1233 897; x_wconf 86' lang='grc' dir='ltr'>δαμάσσας,</span> 
     </span>
     <span class='ocr_line' id='line_1_56' title="bbox 31 897 1378 970; baseline -0.002 -26"><span class='ocrx_word' id='word_1_325' title='bbox 31 920 34 936; x_wconf 69' lang='lat'>1</span> <span class='ocrx_word' id='word_1_326' title='bbox 99 901 180 944; x_wconf 81' lang='lat'>245</span> <span class='ocrx_word' id='word_1_327' title='bbox 210 903 366 952; x_wconf 81' lang='grc' dir='ltr'>σπεῖρα</span> <span class='ocrx_word' id='word_1_328' title='bbox 393 899 496 942; x_wconf 84' lang='grc' dir='ltr'>κάκ’</span> <span class='ocrx_word' id='word_1_329' title='bbox 527 899 640 956; x_wconf 81' lang='grc' dir='ltr'>ἀμφ’</span> <span class='ocrx_word' id='word_1_330' title='bbox 672 899 830 956; x_wconf 72' lang='grc' dir='ltr'>ὤμοισι</span> <span class='ocrx_word' id='word_1_331' title='bbox 859 899 1029 967; x_wconf 76' lang='grc' dir='ltr'>βαλὼν,</span> <span class='ocrx_word' id='word_1_332' title='bbox 1062 901 1181 970; x_wconf 82' lang='grc' dir='ltr'>οἰκῆϊ</span> <span class='ocrx_word' id='word_1_333' title='bbox 1208 897 1378 951; x_wconf 79' lang='grc' dir='ltr'>ἐοικώς,</span> 
     </span>
     <span class='ocr_line' id='line_1_57' title="bbox 207 954 1328 1027; baseline 0 -29"><span class='ocrx_word' id='word_1_334' title='bbox 207 954 386 1009; x_wconf 75' lang='lat' dir='ltr'>av6903v</span> <span class='ocrx_word' id='word_1_335' title='bbox 417 958 666 1027; x_wconf 80' lang='grc' dir='ltr'>δυσμενέων</span> <span class='ocrx_word' id='word_1_336' title='bbox 694 957 854 1001; x_wconf 80' lang='grc' dir='ltr'>κατέδυ</span> <span class='ocrx_word' id='word_1_337' title='bbox 883 957 1015 1000; x_wconf 83' lang='grc' dir='ltr'>πόλιν</span> <span class='ocrx_word' id='word_1_338' title='bbox 1044 954 1328 1010; x_wconf 79' lang='grc' dir='ltr'>εὐρυάγυιαν,</span> 
     </span>
     <span class='ocr_line' id='line_1_58' title="bbox 208 1010 1230 1085; baseline 0 -31"><span class='ocrx_word' id='word_1_339' title='bbox 208 1010 322 1069; x_wconf 83' lang='grc' dir='ltr'>αλλῳ</span> <span class='ocrx_word' id='word_1_340' title='bbox 354 1011 396 1057; x_wconf 82' lang='grc' dir='ltr'>δ’</span> <span class='ocrx_word' id='word_1_341' title='bbox 428 1012 566 1056; x_wconf 80' lang='grc' dir='ltr'>αὐτὸν</span> <span class='ocrx_word' id='word_1_342' title='bbox 596 1016 712 1070; x_wconf 83' lang='grc' dir='ltr'>φωτὶ</span> <span class='ocrx_word' id='word_1_343' title='bbox 741 1013 1063 1067; x_wconf 80' lang='grc' dir='ltr'>κατακρύπτων</span> <span class='ocrx_word' id='word_1_344' title='bbox 1093 1012 1230 1085; x_wconf 63' lang='grc' dir='ltr'>ἤισκε,</span> 
     </span>
     <span class='ocr_line' id='line_1_59' title="bbox 209 1068 1378 1129; baseline -0.001 -17"><span class='ocrx_word' id='word_1_345' title='bbox 209 1069 402 1126; x_wconf 81' lang='grc' dir='ltr'><strong>δέκτῃ,</strong></span> <span class='ocrx_word' id='word_1_346' title='bbox 387 1068 436 1122; x_wconf 82' lang='grc' dir='ltr'><strong><em>ὀς</em></strong></span> <span class='ocrx_word' id='word_1_347' title='bbox 467 1068 601 1114; x_wconf 80' lang='grc' dir='ltr'>ουδὲν</span> <span class='ocrx_word' id='word_1_348' title='bbox 632 1078 753 1124; x_wconf 85' lang='grc' dir='ltr'>τοῖος</span> <span class='ocrx_word' id='word_1_349' title='bbox 782 1073 857 1129; x_wconf 76' lang='grc' dir='ltr'>ἔην</span> <span class='ocrx_word' id='word_1_350' title='bbox 886 1071 955 1115; x_wconf 81' lang='grc' dir='ltr'>ἐπὶ</span> <span class='ocrx_word' id='word_1_351' title='bbox 984 1070 1144 1126; x_wconf 86' lang='grc' dir='ltr'>νηυσὶν</span> <span class='ocrx_word' id='word_1_352' title='bbox 1169 1068 1378 1126; x_wconf 73' lang='grc' dir='ltr'>Ἀχαιῶν·</span> 
     </span>
    </p>
   </div>
   <div class='ocr_carea' id='block_1_16' title="bbox 895 1212 1722 2989">
    <p class='ocr_par' dir='ltr' id='par_1_21' title="bbox 895 1212 1722 2977">
     <span class='ocr_line' id='line_1_60' title="bbox 895 1212 1704 1262; baseline -0.006 -9"><span class='ocrx_word' id='word_1_353' title='bbox 895 1230 1049 1262; x_wconf 63' lang='lat' dir='ltr'>mmmm</span> <span class='ocrx_word' id='word_1_354' title='bbox 1036 1219 1115 1251; x_wconf 85' lang='grc' dir='ltr'>’σαι</span> <span class='ocrx_word' id='word_1_355' title='bbox 1149 1218 1229 1256; x_wconf 82' lang='grc' dir='ltr'>τοῖς</span> <span class='ocrx_word' id='word_1_356' title='bbox 1250 1212 1363 1259; x_wconf 66' lang='grc' dir='ltr'>’Ἑλλη</span> <span class='ocrx_word' id='word_1_357' title='bbox 1367 1225 1443 1255; x_wconf 87' lang='grc' dir='ltr'>σιν,</span> <span class='ocrx_word' id='word_1_358' title='bbox 1492 1217 1532 1247; x_wconf 86' lang='lat' dir='ltr'>ut</span> <span class='ocrx_word' id='word_1_359' title='bbox 1561 1217 1704 1248; x_wconf 76' lang='lat' dir='ltr'>narrant</span> 
     </span>
     <span class='ocr_line' id='line_1_61' title="bbox 895 1260 1700 1316; baseline -0.008 -18"><span class='ocrx_word' id='word_1_360' title='bbox 895 1265 976 1298; x_wconf 91' lang='lat' dir='ltr'>Sch.</span> <span class='ocrx_word' id='word_1_361' title='bbox 1001 1272 1036 1298; x_wconf 85' lang='lat' dir='ltr'>et</span> <span class='ocrx_word' id='word_1_362' title='bbox 1060 1266 1132 1296; x_wconf 84' lang='lat' dir='ltr'>Am.</span> <span class='ocrx_word' id='word_1_363' title='bbox 1159 1263 1201 1296; x_wconf 90' lang='grc' dir='ltr'>Ε.</span> <span class='ocrx_word' id='word_1_364' title='bbox 1235 1261 1320 1295; x_wconf 79' lang='lat' dir='ltr'>inud</span> <span class='ocrx_word' id='word_1_365' title='bbox 1343 1265 1532 1316; x_wconf 86' lang='lat' dir='ltr'>sequuntur</span> <span class='ocrx_word' id='word_1_366' title='bbox 1556 1262 1626 1293; x_wconf 80' lang='lat' dir='ltr'>Am</span> <span class='ocrx_word' id='word_1_367' title='bbox 1654 1260 1700 1300; x_wconf 91' lang='lat' dir='ltr'>Q.</span> 
     </span>
     <span class='ocr_line' id='line_1_62' title="bbox 897 1305 1704 1352; baseline -0.002 -9"><span class='ocrx_word' id='word_1_368' title='bbox 897 1317 932 1344; x_wconf 89' lang='lat' dir='ltr'>et</span> <span class='ocrx_word' id='word_1_369' title='bbox 950 1310 1130 1343; x_wconf 46' lang='lat' dir='ltr'>Heidelba</span> <span class='ocrx_word' id='word_1_370' title='bbox 1158 1309 1221 1343; x_wconf 78' lang='grc' dir='ltr'>ἵνα</span> <span class='ocrx_word' id='word_1_371' title='bbox 1239 1306 1401 1352; x_wconf 83' lang='grc' dir='ltr'>μετρήσῃ</span> <span class='ocrx_word' id='word_1_372' title='bbox 1417 1306 1484 1346; x_wconf 79' lang='grc' dir='ltr'>τὰς</span> <span class='ocrx_word' id='word_1_373' title='bbox 1501 1305 1622 1347; x_wconf 82' lang='grc' dir='ltr'>πύλας</span> <span class='ocrx_word' id='word_1_374' title='bbox 1640 1305 1704 1341; x_wconf 75' lang='grc' dir='ltr'>διὰ</span> 
     </span>
     <span class='ocr_line' id='line_1_63' title="bbox 898 1352 1706 1398; baseline -0.006 -7"><span class='ocrx_word' id='word_1_375' title='bbox 898 1357 963 1391; x_wconf 79' lang='grc' dir='ltr'>τὸν</span> <span class='ocrx_word' id='word_1_376' title='bbox 982 1355 1164 1398; x_wconf 83' lang='grc' dir='ltr'>δούριον’”</span> <span class='ocrx_word' id='word_1_377' title='bbox 1152 1357 1278 1395; x_wconf 85' lang='grc' dir='ltr'>ι’,ππον</span> <span class='ocrx_word' id='word_1_378' title='bbox 1300 1354 1406 1388; x_wconf 88' lang='lat' dir='ltr'>oculis</span> <span class='ocrx_word' id='word_1_379' title='bbox 1426 1352 1605 1387; x_wconf 82' lang='lat' dir='ltr'>metitums</span> <span class='ocrx_word' id='word_1_380' title='bbox 1622 1364 1706 1397; x_wconf 88' lang='lat' dir='ltr'>por-</span> 
     </span>
     <span class='ocr_line' id='line_1_64' title="bbox 898 1399 1708 1446; baseline -0.004 -10"><span class='ocrx_word' id='word_1_381' title='bbox 898 1410 954 1437; x_wconf 86' lang='lat' dir='ltr'>tas</span> <span class='ocrx_word' id='word_1_382' title='bbox 987 1404 1138 1446; x_wconf 76' lang='lat' dir='ltr'>ijae,</span> <span class='ocrx_word' id='word_1_383' title='bbox 1176 1413 1242 1445; x_wconf 89' lang='lat' dir='ltr'>quo</span> <span class='ocrx_word' id='word_1_384' title='bbox 1272 1400 1397 1443; x_wconf 80' lang='lat' dir='ltr'>sciret,</span> <span class='ocrx_word' id='word_1_385' title='bbox 1429 1412 1474 1434; x_wconf 81' lang='lat' dir='ltr'>an</span> <span class='ocrx_word' id='word_1_386' title='bbox 1499 1399 1618 1433; x_wconf 81' lang='lat' dir='ltr'>invehi</span> <span class='ocrx_word' id='word_1_387' title='bbox 1643 1410 1708 1444; x_wconf 83' lang='lat' dir='ltr'>pet</span> 
     </span>
     <span class='ocr_line' id='line_1_65' title="bbox 899 1445 1707 1493; baseline -0.005 -11"><span class='ocrx_word' id='word_1_388' title='bbox 899 1461 958 1482; x_wconf 84' lang='lat' dir='ltr'>eas</span> <span class='ocrx_word' id='word_1_389' title='bbox 989 1454 1106 1493; x_wconf 87' lang='lat' dir='ltr'>posset</span> <span class='ocrx_word' id='word_1_390' title='bbox 1137 1458 1245 1492; x_wconf 88' lang='lat' dir='ltr'>equus</span> <span class='ocrx_word' id='word_1_391' title='bbox 1271 1447 1419 1491; x_wconf 80' lang='lat' dir='ltr'>ligneus.</span> <span class='ocrx_word' id='word_1_392' title='bbox 1466 1445 1511 1478; x_wconf 85' lang='lat' dir='ltr'>cf.</span> <span class='ocrx_word' id='word_1_393' title='bbox 1536 1446 1587 1487; x_wconf 88' lang='lat' dir='ltr'>E,</span> <span class='ocrx_word' id='word_1_394' title='bbox 1618 1445 1707 1479; x_wconf 87' lang='lat' dir='ltr'>Pro-</span> 
     </span>
     <span class='ocr_line' id='line_1_66' title="bbox 899 1492 1708 1538; baseline -0.001 -11"><span class='ocrx_word' id='word_1_395' title='bbox 899 1495 971 1528; x_wconf 85' lang='lat' dir='ltr'>clus</span> <span class='ocrx_word' id='word_1_396' title='bbox 996 1501 1032 1527; x_wconf 85' lang='lat' dir='ltr'>et</span> <span class='ocrx_word' id='word_1_397' title='bbox 1057 1495 1179 1538; x_wconf 87' lang='lat' dir='ltr'>Eurip.</span> <span class='ocrx_word' id='word_1_398' title='bbox 1204 1494 1290 1528; x_wconf 83' lang='lat' dir='ltr'>Hec.</span> <span class='ocrx_word' id='word_1_399' title='bbox 1315 1494 1404 1529; x_wconf 70' lang='grc' dir='ltr'>2Ξ8</span> <span class='ocrx_word' id='word_1_400' title='bbox 1440 1492 1501 1525; x_wconf 90' lang='lat' dir='ltr'>ubi</span> <span class='ocrx_word' id='word_1_401' title='bbox 1526 1492 1708 1526; x_wconf 78' lang='lat' dir='ltr'>certiorem</span> 
     </span>
     <span class='ocr_line' id='line_1_67' title="bbox 898 1537 1711 1583; baseline -0.004 -10"><span class='ocrx_word' id='word_1_402' title='bbox 898 1552 936 1573; x_wconf 86' lang='lat' dir='ltr'>se</span> <span class='ocrx_word' id='word_1_403' title='bbox 968 1541 1092 1573; x_wconf 80' lang='lat' dir='ltr'>factam</span> <span class='ocrx_word' id='word_1_404' title='bbox 1127 1539 1170 1573; x_wconf 84' lang='lat' dir='ltr'>de</span> <span class='ocrx_word' id='word_1_405' title='bbox 1197 1538 1276 1572; x_wconf 80' lang='lat' dir='ltr'>dolo</span> <span class='ocrx_word' id='word_1_406' title='bbox 1299 1538 1367 1571; x_wconf 85' lang='lat' dir='ltr'>isto</span> <span class='ocrx_word' id='word_1_407' title='bbox 1391 1538 1550 1582; x_wconf 54' lang='lat' dir='ltr'>Ulyssem</span> <span class='ocrx_word' id='word_1_408' title='bbox 1578 1537 1711 1583; x_wconf 88' lang='lat' dir='ltr'>suppli-</span> 
     </span>
     <span class='ocr_line' id='line_1_68' title="bbox 899 1584 1710 1620; baseline -0.002 0"><span class='ocrx_word' id='word_1_409' title='bbox 899 1598 971 1620; x_wconf 86' lang='lat' dir='ltr'>cem</span> <span class='ocrx_word' id='word_1_410' title='bbox 996 1597 1063 1620; x_wconf 86' lang='lat' dir='ltr'>una</span> <span class='ocrx_word' id='word_1_411' title='bbox 1088 1597 1163 1619; x_wconf 89' lang='lat' dir='ltr'>cum</span> <span class='ocrx_word' id='word_1_412' title='bbox 1188 1584 1321 1619; x_wconf 82' lang='lat' dir='ltr'>Helena</span> <span class='ocrx_word' id='word_1_413' title='bbox 1345 1595 1502 1617; x_wconf 82' lang='lat' dir='ltr'>servasse</span> <span class='ocrx_word' id='word_1_414' title='bbox 1525 1584 1612 1617; x_wconf 81' lang='lat' dir='ltr'>dicit.</span> <span class='ocrx_word' id='word_1_415' title='bbox 1625 1594 1710 1618; x_wconf 82' lang='lat' dir='ltr'>anus</span> 
     </span>
     <span class='ocr_line' id='line_1_69' title="bbox 899 1631 1711 1677; baseline 0 -12"><span class='ocrx_word' id='word_1_416' title='bbox 899 1632 1046 1673; x_wconf 84' lang='lat' dir='ltr'>infelix,</span> <span class='ocrx_word' id='word_1_417' title='bbox 1094 1643 1156 1677; x_wconf 86' lang='lat' dir='ltr'>pro</span> <span class='ocrx_word' id='word_1_418' title='bbox 1203 1631 1340 1665; x_wconf 79' lang='lat' dir='ltr'>ratione</span> <span class='ocrx_word' id='word_1_419' title='bbox 1380 1631 1454 1674; x_wconf 84' lang='lat' dir='ltr'>ejus</span> <span class='ocrx_word' id='word_1_420' title='bbox 1492 1631 1711 1675; x_wconf 80' lang='lat' dir='ltr'>tragoediae.</span> 
     </span>
     <span class='ocr_line' id='line_1_70' title="bbox 899 1676 1711 1722; baseline -0.005 -9"><span class='ocrx_word' id='word_1_421' title='bbox 899 1679 1083 1713; x_wconf 86' lang='lat' dir='ltr'>Homerum</span> <span class='ocrx_word' id='word_1_422' title='bbox 1110 1677 1378 1722; x_wconf 64' lang='lat' dir='ltr'>Terhiodorus</span> <span class='ocrx_word' id='word_1_423' title='bbox 1414 1676 1568 1710; x_wconf 81' lang='lat' dir='ltr'>imitatus</span> <span class='ocrx_word' id='word_1_424' title='bbox 1603 1678 1711 1710; x_wconf 86' lang='lat' dir='ltr'>Sino-</span> 
     </span>
     <span class='ocr_line' id='line_1_71' title="bbox 899 1723 1712 1769; baseline -0.001 -11"><span class='ocrx_word' id='word_1_425' title='bbox 899 1737 975 1759; x_wconf 89' lang='lat' dir='ltr'>nem</span> <span class='ocrx_word' id='word_1_426' title='bbox 1010 1736 1148 1769; x_wconf 82' lang='lat' dir='ltr'>quoque</span> <span class='ocrx_word' id='word_1_427' title='bbox 1181 1735 1218 1757; x_wconf 87' lang='lat' dir='ltr'>se</span> <span class='ocrx_word' id='word_1_428' title='bbox 1248 1723 1359 1767; x_wconf 85' lang='lat' dir='ltr'>ipsum</span> <span class='ocrx_word' id='word_1_429' title='bbox 1390 1723 1594 1756; x_wconf 78' lang='lat' dir='ltr'>verberibus</span> <span class='ocrx_word' id='word_1_430' title='bbox 1618 1723 1712 1757; x_wconf 87' lang='lat' dir='ltr'>lace-</span> 
     </span>
     <span class='ocr_line' id='line_1_72' title="bbox 901 1768 1714 1813; baseline -0.001 -9"><span class='ocrx_word' id='word_1_431' title='bbox 901 1783 997 1805; x_wconf 82' lang='lat' dir='ltr'>rasse</span> <span class='ocrx_word' id='word_1_432' title='bbox 1021 1771 1144 1811; x_wconf 82' lang='lat' dir='ltr'>finxit‚</span> <span class='ocrx_word' id='word_1_433' title='bbox 1170 1770 1213 1803; x_wconf 87' lang='lat' dir='ltr'>ad</span> <span class='ocrx_word' id='word_1_434' title='bbox 1237 1768 1407 1803; x_wconf 82' lang='lat' dir='ltr'>fallendos</span> <span class='ocrx_word' id='word_1_435' title='bbox 1432 1769 1625 1813; x_wconf 84' lang='lat' dir='ltr'>Trojanos3</span> <span class='ocrx_word' id='word_1_436' title='bbox 1651 1781 1714 1803; x_wconf 89' lang='lat' dir='ltr'>nec</span> 
     </span>
     <span class='ocr_line' id='line_1_73' title="bbox 901 1815 1715 1861; baseline -0.004 -10"><span class='ocrx_word' id='word_1_437' title='bbox 901 1817 1004 1851; x_wconf 83' lang='lat' dir='ltr'>aliter</span> <span class='ocrx_word' id='word_1_438' title='bbox 1037 1817 1090 1856; x_wconf 85' lang='lat' dir='ltr'>E,</span> <span class='ocrx_word' id='word_1_439' title='bbox 1124 1815 1183 1860; x_wconf 87' lang='lat' dir='ltr'>qui</span> <span class='ocrx_word' id='word_1_440' title='bbox 1216 1815 1379 1849; x_wconf 83' lang='lat' dir='ltr'>memoria</span> <span class='ocrx_word' id='word_1_441' title='bbox 1412 1816 1517 1848; x_wconf 77' lang='lat' dir='ltr'>falsus</span> <span class='ocrx_word' id='word_1_442' title='bbox 1542 1816 1715 1861; x_wconf 82' lang='lat' dir='ltr'>Megaby-</span> 
     </span>
     <span class='ocr_line' id='line_1_74' title="bbox 902 1861 1715 1906; baseline 0 -9"><span class='ocrx_word' id='word_1_443' title='bbox 902 1875 977 1898; x_wconf 90' lang='lat' dir='ltr'>zum</span> <span class='ocrx_word' id='word_1_444' title='bbox 1003 1862 1176 1896; x_wconf 86' lang='lat' dir='ltr'>nominare</span> <span class='ocrx_word' id='word_1_445' title='bbox 1204 1861 1339 1895; x_wconf 78' lang='lat' dir='ltr'>videtur</span> <span class='ocrx_word' id='word_1_446' title='bbox 1373 1873 1434 1905; x_wconf 89' lang='lat' dir='ltr'>pro</span> <span class='ocrx_word' id='word_1_447' title='bbox 1469 1861 1621 1906; x_wconf 55' lang='lat' dir='ltr'>Zopyro.</span> <span class='ocrx_word' id='word_1_448' title='bbox 1671 1863 1715 1897; x_wconf 82' lang='lat' dir='ltr'>de</span> 
     </span>
     <span class='ocr_line' id='line_1_75' title="bbox 902 1907 1714 1951; baseline -0.002 -8"><span class='ocrx_word' id='word_1_449' title='bbox 902 1910 1030 1943; x_wconf 86' lang='lat' dir='ltr'>Sinone</span> <span class='ocrx_word' id='word_1_450' title='bbox 1066 1921 1100 1942; x_wconf 79' lang='lat' dir='ltr'>v</span> <span class='ocrx_word' id='word_1_451' title='bbox 1132 1909 1245 1951; x_wconf 71' lang='lat' dir='ltr'>Heyn.</span> <span class='ocrx_word' id='word_1_452' title='bbox 1270 1919 1418 1941; x_wconf 84' lang='lat' dir='ltr'>excursu</span> <span class='ocrx_word' id='word_1_453' title='bbox 1443 1907 1475 1942; x_wconf 88' lang='lat'>4.</span> <span class='ocrx_word' id='word_1_454' title='bbox 1502 1909 1544 1941; x_wconf 83' lang='lat' dir='ltr'>ad</span> <span class='ocrx_word' id='word_1_455' title='bbox 1569 1910 1652 1942; x_wconf 86' lang='lat' dir='ltr'>Aen.</span> <span class='ocrx_word' id='word_1_456' title='bbox 1680 1911 1714 1943; x_wconf 73' lang='lat'>2.</span> 
     </span>
     <span class='ocr_line' id='line_1_76' title="bbox 903 1954 1715 1999; baseline -0.001 -9"><span class='ocrx_word' id='word_1_457' title='bbox 903 1962 1054 1990; x_wconf 83' lang='lat' dir='ltr'>ceterum</span> <span class='ocrx_word' id='word_1_458' title='bbox 1087 1954 1204 1987; x_wconf 82' lang='lat' dir='ltr'>uxoris</span> <span class='ocrx_word' id='word_1_459' title='bbox 1237 1966 1376 1999; x_wconf 88' lang='lat' dir='ltr'>quoque</span> <span class='ocrx_word' id='word_1_460' title='bbox 1413 1965 1537 1999; x_wconf 85' lang='lat' dir='ltr'>procos</span> <span class='ocrx_word' id='word_1_461' title='bbox 1570 1955 1715 1989; x_wconf 85' lang='lat' dir='ltr'>mendici</span> 
     </span>
     <span class='ocr_line' id='line_1_77' title="bbox 902 2000 1717 2055; baseline 0.001 -19"><span class='ocrx_word' id='word_1_462' title='bbox 902 2002 1022 2047; x_wconf 82' lang='lat' dir='ltr'>specie</span> <span class='ocrx_word' id='word_1_463' title='bbox 1040 2001 1143 2035; x_wconf 79' lang='lat' dir='ltr'>latuit</span> <span class='ocrx_word' id='word_1_464' title='bbox 1161 2001 1319 2055; x_wconf 52' lang='lat' dir='ltr'>Ulysses.</span> <span class='ocrx_word' id='word_1_465' title='bbox 1343 2003 1415 2034; x_wconf 89' lang='grc' dir='ltr'>Αιιι.</span> <span class='ocrx_word' id='word_1_466' title='bbox 1432 2000 1495 2040; x_wconf 82' lang='lat' dir='ltr'>Q..</span> <span class='ocrx_word' id='word_1_467' title='bbox 1516 2000 1580 2035; x_wconf 77' lang='grc' dir='ltr'>διὰ</span> <span class='ocrx_word' id='word_1_468' title='bbox 1598 2000 1717 2037; x_wconf 77' lang='grc' dir='ltr'>πολλοὶ</span> 
     </span>
     <span class='ocr_line' id='line_1_78' title="bbox 903 2044 1716 2104; baseline 0 -21"><span class='ocrx_word' id='word_1_469' title='bbox 903 2051 969 2091; x_wconf 82' lang='grc' dir='ltr'>τῆς</span> <span class='ocrx_word' id='word_1_470' title='bbox 986 2047 1153 2104; x_wconf 78' lang='grc' dir='ltr'>πράξεως</span> <span class='ocrx_word' id='word_1_471' title='bbox 1171 2044 1310 2090; x_wconf 82' lang='grc' dir='ltr'>ταύτης</span> <span class='ocrx_word' id='word_1_472' title='bbox 1326 2046 1551 2103; x_wconf 79' lang='grc' dir='ltr'>μνημονεύει</span> <span class='ocrx_word' id='word_1_473' title='bbox 1570 2045 1589 2083; x_wconf 87' lang='grc' dir='ltr'>ὁ</span> <span class='ocrx_word' id='word_1_474' title='bbox 1609 2061 1716 2093; x_wconf 82' lang='grc' dir='ltr'>ποιη-</span> 
     </span>
     <span class='ocr_line' id='line_1_79' title="bbox 904 2092 1717 2140; baseline 0 -10"><span class='ocrx_word' id='word_1_475' title='bbox 904 2095 990 2140; x_wconf 77' lang='grc' dir='ltr'><strong>τής,</strong></span> <span class='ocrx_word' id='word_1_476' title='bbox 1024 2092 1071 2130; x_wconf 81' lang='grc' dir='ltr'>οὕ</span> <span class='ocrx_word' id='word_1_477' title='bbox 1107 2092 1225 2137; x_wconf 87' lang='grc' dir='ltr'>μόνον</span> <span class='ocrx_word' id='word_1_478' title='bbox 1254 2093 1311 2128; x_wconf 84' lang='grc' dir='ltr'>ότι</span> <span class='ocrx_word' id='word_1_479' title='bbox 1344 2092 1439 2136; x_wconf 86' lang='grc' dir='ltr'>πρὸς</span> <span class='ocrx_word' id='word_1_480' title='bbox 1466 2107 1537 2136; x_wconf 87' lang='grc' dir='ltr'>την</span> <span class='ocrx_word' id='word_1_481' title='bbox 1565 2097 1717 2139; x_wconf 82' lang='grc' dir='ltr'>ποίησιν</span> 
     </span>
     <span class='ocr_line' id='line_1_80' title="bbox 904 2139 1716 2196; baseline -0.001 -20"><span class='ocrx_word' id='word_1_482' title='bbox 904 2142 973 2186; x_wconf 79' lang='lat' dir='ltr'>(ad</span> <span class='ocrx_word' id='word_1_483' title='bbox 1003 2140 1139 2187; x_wconf 86' lang='lat' dir='ltr'>penitus</span> <span class='ocrx_word' id='word_1_484' title='bbox 1163 2139 1417 2196; x_wconf 80' lang='lat' dir='ltr'>intelligendam</span> <span class='ocrx_word' id='word_1_485' title='bbox 1444 2141 1562 2184; x_wconf 78' lang='lat' dir='ltr'>poesin</span> <span class='ocrx_word' id='word_1_486' title='bbox 1586 2142 1716 2175; x_wconf 87' lang='lat' dir='ltr'>Home-</span> 
     </span>
     <span class='ocr_line' id='line_1_81' title="bbox 904 2185 1716 2242; baseline 0 -20"><span class='ocrx_word' id='word_1_487' title='bbox 904 2188 1036 2232; x_wconf 87' lang='lat' dir='ltr'>ricam)</span> <span class='ocrx_word' id='word_1_488' title='bbox 1061 2186 1239 2242; x_wconf 75' lang='grc' dir='ltr'>συμφέρει</span> <span class='ocrx_word' id='word_1_489' title='bbox 1260 2185 1306 2221; x_wconf 78' lang='grc' dir='ltr'>τοὶ</span> <span class='ocrx_word' id='word_1_490' title='bbox 1327 2186 1377 2231; x_wconf 81' lang='grc' dir='ltr'><em>μή</em></span> <span class='ocrx_word' id='word_1_491' title='bbox 1399 2187 1581 2231; x_wconf 75' lang='grc' dir='ltr'>δεδομένα</span> <span class='ocrx_word' id='word_1_492' title='bbox 1606 2189 1716 2232; x_wconf 78' lang='lat' dir='ltr'>(sort.</span> 
     </span>
     <span class='ocr_line' id='line_1_82' title="bbox 904 2229 1718 2291; baseline -0.001 -22"><span class='ocrx_word' id='word_1_493' title='bbox 904 2233 1104 2291; x_wconf 79' lang='grc' dir='ltr'>λεγόμενα)</span> <span class='ocrx_word' id='word_1_494' title='bbox 1129 2235 1194 2277; x_wconf 87' lang='grc' dir='ltr'>τῆς</span> <span class='ocrx_word' id='word_1_495' title='bbox 1214 2229 1368 2274; x_wconf 85' lang='grc' dir='ltr'>Ἰλιάδος</span> <span class='ocrx_word' id='word_1_496' title='bbox 1395 2234 1465 2268; x_wconf 88' lang='grc' dir='ltr'>νῦν</span> <span class='ocrx_word' id='word_1_497' title='bbox 1491 2233 1718 2278; x_wconf 78' lang='grc' dir='ltr'>ἐμφανίζειν,</span> 
     </span>
     <span class='ocr_line' id='line_1_83' title="bbox 903 2278 1718 2324; baseline 0 -8"><span class='ocrx_word' id='word_1_498' title='bbox 903 2280 995 2316; x_wconf 75' lang='grc' dir='ltr'>ἀλλὰ</span> <span class='ocrx_word' id='word_1_499' title='bbox 1017 2295 1048 2316; x_wconf 83' lang='grc' dir='ltr'>κ.</span> <span class='ocrx_word' id='word_1_500' title='bbox 1069 2280 1164 2324; x_wconf 77' lang='grc' dir='ltr'>πρός</span> <span class='ocrx_word' id='word_1_501' title='bbox 1183 2278 1250 2324; x_wconf 82' lang='grc' dir='ltr'>τήν</span> <span class='ocrx_word' id='word_1_502' title='bbox 1270 2284 1611 2324; x_wconf 85' lang='grc' dir='ltr'>μνηστηροκτονίαν</span> <span class='ocrx_word' id='word_1_503' title='bbox 1628 2282 1718 2317; x_wconf 82' lang='grc' dir='ltr'>ταῦ-</span> 
     </span>
     <span class='ocr_line' id='line_1_84' title="bbox 904 2326 1719 2373; baseline 0.002 -12"><span class='ocrx_word' id='word_1_504' title='bbox 904 2342 950 2364; x_wconf 82' lang='grc' dir='ltr'>τα</span> <span class='ocrx_word' id='word_1_505' title='bbox 969 2326 1065 2372; x_wconf 76' lang='grc' dir='ltr'>φ’κον</span> <span class='ocrx_word' id='word_1_506' title='bbox 1071 2327 1224 2371; x_wconf 73' lang='grc' dir='ltr'>ὄμηται,</span> <span class='ocrx_word' id='word_1_507' title='bbox 1249 2327 1350 2371; x_wconf 65' lang='lat'>(2²)</span> <span class='ocrx_word' id='word_1_508' title='bbox 1331 2340 1393 2361; x_wconf 87' lang='grc' dir='ltr'>ινα</span> <span class='ocrx_word' id='word_1_509' title='bbox 1413 2326 1506 2371; x_wconf 82' lang='grc' dir='ltr'>μηδὲ</span> <span class='ocrx_word' id='word_1_510' title='bbox 1529 2331 1610 2368; x_wconf 84' lang='grc' dir='ltr'>τοῖς</span> <span class='ocrx_word' id='word_1_511' title='bbox 1626 2341 1719 2373; x_wconf 83' lang='grc' dir='ltr'>μνη-</span> 
     </span>
     <span class='ocr_line' id='line_1_85' title="bbox 906 2372 1720 2420; baseline -0.001 -10"><span class='ocrx_word' id='word_1_512' title='bbox 906 2376 1034 2420; x_wconf 86' lang='grc' dir='ltr'>στῆρσι</span> <span class='ocrx_word' id='word_1_513' title='bbox 1059 2373 1179 2409; x_wconf 75' lang='grc' dir='ltr'>συνών</span> <span class='ocrx_word' id='word_1_514' title='bbox 1201 2372 1240 2408; x_wconf 77' lang='grc' dir='ltr'>ἐν</span> <span class='ocrx_word' id='word_1_515' title='bbox 1262 2373 1424 2419; x_wconf 81' lang='grc' dir='ltr'>τοιούτῳ</span> <span class='ocrx_word' id='word_1_516' title='bbox 1447 2373 1605 2419; x_wconf 86' lang='grc' dir='ltr'>σχήματι</span> <span class='ocrx_word' id='word_1_517' title='bbox 1631 2374 1720 2411; x_wconf 78' lang='grc' dir='ltr'>α’πί·</span> 
     </span>
     <span class='ocr_line' id='line_1_86' title="bbox 906 2420 1720 2468; baseline -0.001 -11"><span class='ocrx_word' id='word_1_518' title='bbox 906 2425 1032 2458; x_wconf 83' lang='grc' dir='ltr'>θανον</span> <span class='ocrx_word' id='word_1_519' title='bbox 1059 2423 1232 2465; x_wconf 80' lang='grc' dir='ltr'>φαίνοιτο</span> <span class='ocrx_word' id='word_1_520' title='bbox 1261 2427 1328 2454; x_wconf 78' lang='lat' dir='ltr'>etc</span> <span class='ocrx_word' id='word_1_521' title='bbox 1363 2440 1410 2445; x_wconf 90' lang='lat'>—-</span> <span class='ocrx_word' id='word_1_522' title='bbox 1451 2425 1633 2464; x_wconf 84' lang='grc' dir='ltr'>σπεῖρα.</span> <span class='ocrx_word' id='word_1_523' title='bbox 1674 2420 1720 2468; x_wconf 79' lang='grc' dir='ltr'><strong>β’,</strong></span> 
     </span>
     <span class='ocr_line' id='line_1_87' title="bbox 910 2465 1721 2521; baseline 0 -17"><span class='ocrx_word' id='word_1_524' title='bbox 910 2470 985 2505; x_wconf 75' lang='grc'><strong>102.</strong></span> <span class='ocrx_word' id='word_1_525' title='bbox 1035 2469 1107 2502; x_wconf 84' lang='grc' dir='ltr'>Αιιι.</span> <span class='ocrx_word' id='word_1_526' title='bbox 1133 2468 1194 2501; x_wconf 87' lang='grc' dir='ltr'>Ε..</span> <span class='ocrx_word' id='word_1_527' title='bbox 1227 2465 1275 2501; x_wconf 65' lang='lat' dir='ltr'>td.</span> <span class='ocrx_word' id='word_1_528' title='bbox 1304 2465 1515 2521; x_wconf 77' lang='grc' dir='ltr'>ἐνδύματα,</span> <span class='ocrx_word' id='word_1_529' title='bbox 1550 2467 1624 2503; x_wconf 77' lang='grc' dir='ltr'>ἀπὸ</span> <span class='ocrx_word' id='word_1_530' title='bbox 1652 2470 1721 2504; x_wconf 78' lang='grc' dir='ltr'>τοῦ</span> 
     </span>
     <span class='ocr_line' id='line_1_88' title="bbox 909 2510 1720 2573; baseline 0.003 -25"><span class='ocrx_word' id='word_1_531' title='bbox 909 2516 1194 2557; x_wconf 79' lang='grc' dir='ltr'>διασπείρεσθαι</span> <span class='ocrx_word' id='word_1_532' title='bbox 1238 2510 1277 2547; x_wconf 76' lang='grc' dir='ltr'>ἕν</span> <span class='ocrx_word' id='word_1_533' title='bbox 1323 2510 1424 2554; x_wconf 86' lang='grc' dir='ltr'>όλοις</span> <span class='ocrx_word' id='word_1_534' title='bbox 1452 2518 1554 2573; x_wconf 55' lang='grc' dir='ltr'>Ἡτοῖς</span> <span class='ocrx_word' id='word_1_535' title='bbox 1587 2513 1720 2558; x_wconf 79' lang='grc' dir='ltr'>μέλεσι.</span> 
     </span>
     <span class='ocr_line' id='line_1_89' title="bbox 907 2558 1720 2606; baseline 0 -10"><span class='ocrx_word' id='word_1_536' title='bbox 907 2561 1117 2606; x_wconf 78' lang='grc' dir='ltr'>προσέθηκε</span> <span class='ocrx_word' id='word_1_537' title='bbox 1145 2558 1186 2595; x_wconf 90' lang='lat'>65</span> <span class='ocrx_word' id='word_1_538' title='bbox 1214 2559 1256 2594; x_wconf 81' lang='grc' dir='ltr'>τὸ</span> <span class='ocrx_word' id='word_1_539' title='bbox 1280 2559 1423 2601; x_wconf 80' lang='grc' dir='ltr'>κακοὶ,</span> <span class='ocrx_word' id='word_1_540' title='bbox 1451 2575 1513 2595; x_wconf 86' lang='grc' dir='ltr'>ινα</span> <span class='ocrx_word' id='word_1_541' title='bbox 1538 2561 1632 2606; x_wconf 80' lang='grc' dir='ltr'>ῥάκη</span> <span class='ocrx_word' id='word_1_542' title='bbox 1651 2563 1720 2606; x_wconf 84' lang='grc' dir='ltr'>δη·-</span> 
     </span>
     <span class='ocr_line' id='line_1_90' title="bbox 908 2607 1721 2660; baseline -0.001 -17"><span class='ocrx_word' id='word_1_543' title='bbox 908 2607 1017 2654; x_wconf 79' lang='grc' dir='ltr'>λιόσῃ.</span> <span class='ocrx_word' id='word_1_544' title='bbox 1040 2627 1086 2633; x_wconf 94' lang='grc'>-</span> <span class='ocrx_word' id='word_1_545' title='bbox 1111 2607 1267 2649; x_wconf 88' lang='grc' dir='ltr'>οἰκῆϊ,</span> <span class='ocrx_word' id='word_1_546' title='bbox 1284 2607 1474 2660; x_wconf 76' lang='lat' dir='ltr'><em>familiari</em></span> <span class='ocrx_word' id='word_1_547' title='bbox 1498 2613 1538 2641; x_wconf 76' lang='lat' dir='ltr'>ut.</span> <span class='ocrx_word' id='word_1_548' title='bbox 1562 2609 1721 2642; x_wconf 77' lang='lat' dir='ltr'>Plautino</span> 
     </span>
     <span class='ocr_line' id='line_1_91' title="bbox 908 2650 1722 2696; baseline 0 -9"><span class='ocrx_word' id='word_1_549' title='bbox 908 2656 1015 2690; x_wconf 82' lang='lat' dir='ltr'>verbo</span> <span class='ocrx_word' id='word_1_550' title='bbox 1040 2660 1141 2695; x_wconf 80' lang='lat' dir='ltr'>utar,</span> <span class='ocrx_word' id='word_1_551' title='bbox 1161 2665 1275 2688; x_wconf 85' lang='lat' dir='ltr'>servo.</span> <span class='ocrx_word' id='word_1_552' title='bbox 1302 2654 1347 2688; x_wconf 80' lang='lat' dir='ltr'>cs.</span> <span class='ocrx_word' id='word_1_553' title='bbox 1373 2650 1413 2695; x_wconf 79' lang='grc' dir='ltr'><strong>ξ’,</strong></span> <span class='ocrx_word' id='word_1_554' title='bbox 1439 2655 1496 2695; x_wconf 88' lang='grc'>63,</span> <span class='ocrx_word' id='word_1_555' title='bbox 1522 2654 1562 2687; x_wconf 91' lang='grc' dir='ltr'>ΙΙ.</span> <span class='ocrx_word' id='word_1_556' title='bbox 1587 2654 1627 2696; x_wconf 73' lang='grc' dir='ltr'>ε’,</span> <span class='ocrx_word' id='word_1_557' title='bbox 1652 2653 1722 2691; x_wconf 85' lang='grc'>413</span> 
     </span>
     <span class='ocr_line' id='line_1_92' title="bbox 909 2698 1721 2754; baseline -0.001 -19"><span class='ocrx_word' id='word_1_558' title='bbox 909 2709 976 2735; x_wconf 85' lang='lat' dir='ltr'>etc.</span> <span class='ocrx_word' id='word_1_559' title='bbox 1000 2721 1045 2726; x_wconf 95' lang='lat'>—</span> <span class='ocrx_word' id='word_1_560' title='bbox 1071 2702 1142 2734; x_wconf 87' lang='grc' dir='ltr'>Αιιι.</span> <span class='ocrx_word' id='word_1_561' title='bbox 1168 2700 1233 2754; x_wconf 86' lang='grc' dir='ltr'>Ε.·</span> <span class='ocrx_word' id='word_1_562' title='bbox 1258 2698 1414 2742; x_wconf 80' lang='grc' dir='ltr'>δέκτῃ.</span> <span class='ocrx_word' id='word_1_563' title='bbox 1440 2700 1573 2742; x_wconf 80' lang='lat' dir='ltr'>(semel</span> <span class='ocrx_word' id='word_1_564' title='bbox 1601 2700 1721 2744; x_wconf 80' lang='lat' dir='ltr'>dixit.)</span> 
     </span>
     <span class='ocr_line' id='line_1_93' title="bbox 908 2742 1720 2792; baseline -0.003 -10"><span class='ocrx_word' id='word_1_565' title='bbox 908 2742 992 2791; x_wconf 82' lang='grc' dir='ltr'>ἦτοι</span> <span class='ocrx_word' id='word_1_566' title='bbox 1011 2746 1142 2792; x_wconf 76' lang='grc' dir='ltr'>ἐπαίτῃ</span> <span class='ocrx_word' id='word_1_567' title='bbox 1165 2744 1240 2780; x_wconf 79' lang='grc' dir='ltr'>ἀπὸ</span> <span class='ocrx_word' id='word_1_568' title='bbox 1265 2748 1333 2781; x_wconf 90' lang='grc' dir='ltr'>τοῦ</span> <span class='ocrx_word' id='word_1_569' title='bbox 1353 2746 1550 2788; x_wconf 77' lang='grc' dir='ltr'>δέχεσθαι,</span> <span class='ocrx_word' id='word_1_570' title='bbox 1574 2747 1720 2792; x_wconf 79' lang='grc' dir='ltr'>πτωχῷ.</span> 
     </span>
     <span class='ocr_line' id='line_1_94' title="bbox 908 2790 1720 2849; baseline 0.004 -25"><span class='ocrx_word' id='word_1_571' title='bbox 908 2797 982 2830; x_wconf 81' lang='lat' dir='ltr'>Am</span> <span class='ocrx_word' id='word_1_572' title='bbox 1007 2794 1070 2835; x_wconf 85' lang='lat' dir='ltr'>Q.:</span> <span class='ocrx_word' id='word_1_573' title='bbox 1097 2812 1139 2819; x_wconf 94' lang='lat'>—</span> <span class='ocrx_word' id='word_1_574' title='bbox 1171 2790 1213 2826; x_wconf 86' lang='grc' dir='ltr'>τὸ</span> <span class='ocrx_word' id='word_1_575' title='bbox 1241 2790 1281 2826; x_wconf 87' lang='grc' dir='ltr'>δε</span> <span class='ocrx_word' id='word_1_576' title='bbox 1309 2791 1448 2828; x_wconf 79' lang='grc' dir='ltr'>ου’δὲν</span> <span class='ocrx_word' id='word_1_577' title='bbox 1470 2797 1607 2834; x_wconf 83' lang='grc' dir='ltr'>τοῖος</span> <span class='ocrx_word' id='word_1_578' title='bbox 1630 2793 1720 2849; x_wconf 77' lang='grc' dir='ltr'><strong>ιῖἠν,</strong></span> 
     </span>
     <span class='ocr_line' id='line_1_95' title="bbox 907 2835 1720 2894; baseline -0.001 -20"><span class='ocrx_word' id='word_1_579' title='bbox 907 2843 961 2887; x_wconf 82' lang='grc' dir='ltr'>τῷ</span> <span class='ocrx_word' id='word_1_580' title='bbox 990 2839 1144 2894; x_wconf 75' lang='grc' dir='ltr'>ἐναντίῳ</span> <span class='ocrx_word' id='word_1_581' title='bbox 1174 2836 1216 2873; x_wconf 84' lang='grc' dir='ltr'>τὸ</span> <span class='ocrx_word' id='word_1_582' title='bbox 1245 2837 1438 2881; x_wconf 74' lang='grc' dir='ltr'>ἐναντιον,</span> <span class='ocrx_word' id='word_1_583' title='bbox 1483 2837 1525 2882; x_wconf 84' lang='grc' dir='ltr'><strong><em>ὃς</em></strong></span> <span class='ocrx_word' id='word_1_584' title='bbox 1566 2838 1633 2876; x_wconf 74' lang='grc' dir='ltr'>οὐκ</span> <span class='ocrx_word' id='word_1_585' title='bbox 1673 2835 1720 2886; x_wconf 81' lang='grc' dir='ltr'>ἦν</span> 
     </span>
     <span class='ocr_line' id='line_1_96' title="bbox 908 2883 1720 2930; baseline -0.004 -6"><span class='ocrx_word' id='word_1_586' title='bbox 908 2890 1097 2927; x_wconf 82' lang='grc' dir='ltr'>τοιοῦτος,</span> <span class='ocrx_word' id='word_1_587' title='bbox 1124 2883 1143 2920; x_wconf 90' lang='grc' dir='ltr'>ὁ</span> <span class='ocrx_word' id='word_1_588' title='bbox 1163 2883 1386 2929; x_wconf 74' lang='grc' dir='ltr'>Ὀδυσσεὺς,</span> <span class='ocrx_word' id='word_1_589' title='bbox 1412 2885 1494 2921; x_wconf 80' lang='grc' dir='ltr'>ἀλλ’</span> <span class='ocrx_word' id='word_1_590' title='bbox 1524 2885 1720 2930; x_wconf 76' lang='grc' dir='ltr'>ἐνδοξότα-</span> 
     </span>
     <span class='ocr_line' id='line_1_97' title="bbox 908 2932 1719 2989; baseline -0.001 -20"><span class='ocrx_word' id='word_1_591' title='bbox 908 2948 1019 2975; x_wconf 83' lang='grc' dir='ltr'>τοςκ.</span> <span class='ocrx_word' id='word_1_592' title='bbox 1042 2932 1445 2989; x_wconf 71' lang='grc' dir='ltr'>μεγαλοπρεπέστατος,</span> <span class='ocrx_word' id='word_1_593' title='bbox 1470 2933 1587 2975; x_wconf 84' lang='grc' dir='ltr'>ι”κελος</span> <span class='ocrx_word' id='word_1_594' title='bbox 1607 2933 1646 2970; x_wconf 86' lang='lat'>65</span> <span class='ocrx_word' id='word_1_595' title='bbox 1667 2935 1719 2980; x_wconf 82' lang='grc' dir='ltr'>τῷ</span> 
     </span>
    </p>
   </div>
   <div class='ocr_carea' id='block_1_17' title="bbox 1 2971 1716 3028">
    <p class='ocr_par' dir='ltr' id='par_1_22' title="bbox 1 2971 1716 3028">
     <span class='ocr_line' id='line_1_98' title="bbox 1 2971 1716 3028; baseline 0.011 -20"><span class='ocrx_word' id='word_1_596' title='bbox 1 2975 5 3020; x_wconf 70' lang='lat'>1</span> <span class='ocrx_word' id='word_1_597' title='bbox 53 2971 96 3010; x_wconf 84' lang='grc' dir='ltr'>τὸ</span> <span class='ocrx_word' id='word_1_598' title='bbox 115 2978 250 3020; x_wconf 74' lang='grc' dir='ltr'>τεῖχος·</span> <span class='ocrx_word' id='word_1_599' title='bbox 274 2977 310 3013; x_wconf 75' lang='grc' dir='ltr'>οἱ</span> <span class='ocrx_word' id='word_1_600' title='bbox 336 2976 398 3022; x_wconf 80' lang='grc' dir='ltr'><strong>δὲ,</strong></span> <span class='ocrx_word' id='word_1_601' title='bbox 424 2977 486 3012; x_wconf 84' lang='grc' dir='ltr'>ἴνα</span> <span class='ocrx_word' id='word_1_602' title='bbox 504 2979 611 3024; x_wconf 84' lang='grc' dir='ltr'>πείσῃ</span> <span class='ocrx_word' id='word_1_603' title='bbox 629 2978 698 3024; x_wconf 72' lang='grc' dir='ltr'>τήν</span> <span class='ocrx_word' id='word_1_604' title='bbox 713 2976 865 3028; x_wconf 80' lang='grc' dir='ltr'>Ἑλένην</span> <span class='ocrx_word' id='word_1_605' title='bbox 911 2981 1052 3027; x_wconf 75' lang='grc' dir='ltr'>ἐπαίτῃ·</span> <span class='ocrx_word' id='word_1_606' title='bbox 1077 2997 1121 3003; x_wconf 84' lang='lat'><em>—</em></span> <span class='ocrx_word' id='word_1_607' title='bbox 1146 2977 1221 3014; x_wconf 72' lang='grc' dir='ltr'>ἐπὶ</span> <span class='ocrx_word' id='word_1_608' title='bbox 1246 2980 1420 3025; x_wconf 61' lang='grc' dir='ltr'>νηυσὶν</span> <span class='ocrx_word' id='word_1_609' title='bbox 1440 2979 1519 3026; x_wconf 74' lang='grc' dir='ltr'>’·ΑΖ</span> <span class='ocrx_word' id='word_1_610' title='bbox 1533 3007 1542 3024; x_wconf 68' lang='lat'><em>2</em></span> <span class='ocrx_word' id='word_1_611' title='bbox 1568 2992 1626 3026; x_wconf 74' lang='lat'><em>¹11²·</em></span> <span class='ocrx_word' id='word_1_612' title='bbox 1652 2992 1716 3015; x_wconf 71' lang='grc' dir='ltr'>Μ·</span> 
     </span>
    </p>
   </div>
   <div class='ocr_carea' id='block_1_18' title="bbox 0 3025 5 3282">
    <p class='ocr_par' dir='ltr' id='par_1_23' title="bbox 0 3025 5 3282">
     <span class='ocr_line' id='line_1_99' title="bbox 2 3025 5 3061; baseline 0 0"><span class='ocrx_word' id='word_1_613' title='bbox 2 3025 5 3061; x_wconf 90' lang='grc' dir='ltr'>Ι</span> 
     </span>
     <span class='ocr_line' id='line_1_100' title="bbox 0 3109 3 3138; baseline 0 0"><span class='ocrx_word' id='word_1_614' title='bbox 0 3109 3 3138; x_wconf 72' lang='grc' dir='ltr'>ι</span> 
     </span>
     <span class='ocr_line' id='line_1_101' title="bbox 0 3159 3 3208; baseline 0 0"><span class='ocrx_word' id='word_1_615' title='bbox 0 3159 3 3208; x_wconf 89' lang='grc' dir='ltr'>Ι</span> 
     </span>
     <span class='ocr_line' id='line_1_102' title="bbox 0 3218 2 3282; baseline 0 0"><span class='ocrx_word' id='word_1_616' title='bbox 0 3218 2 3282; x_wconf 69' lang='grc' dir='ltr'><strong>Ξ</strong></span> 
     </span>
    </p>
   </div>
  </div>
 </body>
</html>
