1856 3282
534 134 1116 177 ΟΛΤΣΣΕΙΑΣ
1169 134 1220 181 Ξ.

1610 136 1696 183 209

215 245 378 300 [αὐτάρ
411 244 520 301 ἐπήν
551 246 732 316 ἔλθῃσιν
755 244 994 301 Ὀδυσσῆος
1020 244 1149 299 φίλος
1175 244 1286 296 υἱός,

216 301 349 353 αὐτός
376 317 444 345 τοι
472 303 655 372 χλαῖνάν
684 319 752 355 τε,
780 302 943 358 χιτῶνά
971 315 1039 351 τε,
1070 301 1222 354 εἵματα
1251 299 1392 353 δώσει,

213 359 370 414 πέμψει
400 357 444 401 δ’
455 389 466 411 ,
496 375 616 416 οππῃ
646 371 694 404 σε
720 360 879 414 κραδίη
905 357 1048 413 θυμός
1075 372 1120 400 τε
1148 357 1321 401 κελεύει.
1331 361 1382 413 ]“

103 429 185 472 520

286 423 370 477 Ὣς
400 425 535 469 είπων
565 425 801 498 ἀνόρουσε,
830 429 942 470 τίθει
973 422 1016 468 δ’
1049 422 1133 478 ἄρα
1164 425 1207 467 οἱ
1234 425 1375 479 πυρὸς
1403 412 1530 483 ἐγγὺς

213 482 372 554 εὐνὴν,
388 482 450 525 ἐν
480 480 524 526 δ’
555 482 664 528 ὀΐων
694 500 741 528 τε
768 484 842 527 καὶ
863 484 1030 555 αἰγων
1039 479 1218 536 δέρματ’
1249 481 1437 535 ε’βαλλεν.

214 539 315 583 ἔνθ’
342 537 551 611 Ὀδυσεὺς
579 539 799 584 κατέλεκτ’

815 555 825 564 ·
857 539 925 583 ἐπὶ
956 539 1003 582 δε
1031 542 1221 609 ’χλαῖναν
1242 537 1375 593 βάλεν
1401 539 1522 596 αὐτῷ
1556 560 1559 563 ’
1604 561 1616 564 -
1643 556 1647 559 ’
1684 545 1686 547 ’

212 594 387 651 πυκνήν
415 595 488 640 καὶ
499 597 729 666 μεγάλην,
759 596 806 666 ἥ
818 597 862 640 οἱ
887 593 1163 664 παρεκέσκετ’
1195 591 1398 649 ἀμοιβὰς,

216 652 454 707 ἕννυσθαι,
483 653 555 696 ὅτε
583 670 648 704 τις
675 669 837 710 χειμων
869 653 1080 708 ε’κπαγλος
1110 649 1272 706 ὄροιτο.

101 722 184 766 525

288 718 371 771 Ὼς
400 717 423 764 ὁ
454 720 534 775 μὲν
563 720 662 764 ἐνθ’
689 720 896 771 Ὀδυσεύς
922 718 1188 775 κοιμήσατο,
1217 718 1285 761 τοὶ
1316 717 1363 761 δὲ
1390 719 1501 775 παρ’
1535 720 1671 767 αὐτὸν

215 776 374 831 ἄνδρες
404 777 671 848 κοιμήσαντο
700 780 886 845 νεηνίαι·
919 776 1023 819 ουδὲ
1054 776 1231 830 συβώτῃ

213 834 412 905 η’νὸανεν
435 833 594 877 αὐτόθι
623 840 792 885 κοῖτος,
821 849 917 876 υων
947 833 1034 876 ἄπο
1065 834 1347 903 κοιμηθῆναι,

217 889 313 933 ἀλλ’
343 889 412 959 ὅγ’
444 887 519 943 ἄρ’
551 890 628 941 ε’ξω
660 891 741 933 ἰών
771 888 996 942 ωπλίζετο·
1028 895 1149 945 χαῖρε
1180 887 1223 931 6'
1249 887 1496 942 Ὀδυσσεὺς,

216 946 307 989 ὅττι
336 945 392 1001 ῥά
423 947 468 988 οἱ
496 945 649 1001 βιότου
678 946 960 1002 περικήδετο,
990 946 1154 1001 νόσφιν
1183 943 1342 996 ἐόντος.

102 1005 185 1048 530
211 1006 390 1072 πρῶτον
419 1018 498 1057 μεν
528 1004 653 1058 ξίφος
682 1003 758 1054 όξύ
788 1004 885 1056 περὶ
916 1005 1138 1057 στιβαροῖς
1167 1000 1314 1071 βάλετ’
1347 1000 1498 1057 ὤμοις,

215 1057 341 1129 ἀμφὶ
357 1058 403 1102 δὲ
423 1063 616 1127 χλαῖναν
645 1058 813 1103 εέσσατ’
839 1059 1129 1131 αλεξάνεμον,
1161 1057 1278 1112 μάλα
1306 1058 1492 1115 πυκνήν,

214 1115 271 1159 ἂν
301 1116 347 1159 δὲ
376 1113 518 1168 νάκην
548 1115 655 1158 ε’λετ’
684 1117 806 1171 αἰγὸς
833 1116 1090 1171 ἐϋτρεφέος,
1121 1113 1346 1185 μεγάλοιο·

213 1173 348 1215 εἵλετο
379 1169 420 1214 δ’
453 1169 559 1223 ὀξυν
589 1172 780 1223 ἄκοντα,
810 1177 958 1216 κυνῶν
989 1172 1182 1241 ἀλκτῆρα
1209 1170 1283 1213 καὶ
1313 1168 1501 1227 α’νδρων.

213 1232 270 1284 βῆ
301 1227 340 1272 δ’
371 1229 516 1284 ἰ’μεναι
544 1230 698 1283 κείων,
729 1227 806 1273 ὅθι
834 1244 914 1282 περ
947 1227 1049 1280 σύες
1079 1227 1359 1284 ἀργιόδοντες

45 1403 83 1432 ut
116 1395 182 1442 φ’,
213 1395 295 1432 41.·
329 1393 471 1431 κέσκετ’
503 1395 557 1431 ἑνὶ
591 1395 775 1442 μεγάροις.
822 1410 856 1435 v.

45 1444 152 1478 Schn.
177 1456 211 1478 v.
234 1456 272 1478 κε
267 1441 340 1486 ’ω.)
365 1442 582 1500 α’μοιβάς.
598 1444 805 1499 παρέκειτο
833 1444 854 1486 ἡ

44 1493 198 1546 χλαῖνα,
243 1486 403 1534 ἀμοιβάς
437 1484 552 1530 ουσα,
596 1487 616 1525 ὅ
648 1490 744 1526 ἐστιν
779 1489 832 1525 ὑπ

45 1533 135 1579 (ἐπ’
143 1537 159 1580 )
194 1533 349 1591 ἀμοιβῇ
370 1535 530 1579 κειμένη.
578 1536 776 1579 (Porsonus
813 1549 855 1571 ex

44 1580 474 1639 Ηατ1.;,,παρεκε’σκετο
477 1582 543 1615 duo
562 1583 677 1617 Scholi
670 1590 778 1617 ·astae
796 1595 854 1617 ex-

45 1628 176 1674 plicant
197 1627 389 1673 παρέκειτο
414 1625 474 1663 εῗπ’
503 1627 663 1674 άμοιβῇε
696 1628 856 1687 ἀμοιβάς

45 1675 178 1709 scilicet
200 1686 264 1719 pro
287 1678 383 1708 recto
407 1674 619 1731 capientes-⁶
623 1676 653 1718 ⁶)
677 1676 789 1711 τοῦτο
816 1675 855 1710 δὲ

46 1718 126 1757 εἶπε
151 1721 301 1776 (Majuv
325 1733 356 1756 τ.
382 1718 442 1762 δε,
467 1719 561 1764 ἐπεὶ)
594 1724 672 1762 τοῖς
704 1720 856 1779 ἥρωσιν,

48 1766 114 1803 ἅτε
139 1766 184 1812 δη
202 1763 378 1811 άνδρείαν
398 1765 719 1811 ἐπιδεικνυμένοις,
745 1766 856 1813 άπρε-

47 1826 114 1855 πες
137 1813 328 1869 ἐλογίζετο
347 1811 415 1848 δύο
440 1814 591 1856 χλαίνας
614 1813 856 1870 ἀμπέχεσθαι.

49 1859 111 1896 διὸ
138 1859 210 1905 ἔφη
236 1857 354 1903 αὐτὴν
375 1855 539 1904 άμοιβάδ
543 1873 579 1893 α.
612 1873 662 1901 ως
685 1862 754 1906 γάρ
776 1874 856 1897 στε-

48 1906 233 1952 ρεωτέραν
257 1906 400 1950 ἐκείνην
424 1905 491 1950 τὴν
515 1908 665 1949 χλαῖναν
689 1908 857 1952 παρέθη-

48 1967 110 1990 κεν
131 1956 392 2011 (seposueram,
422 1952 484 1987 ἵνα
506 1951 596 1993 τέως
619 1952 686 1996 μὲν
708 1956 753 2000 τῇ
778 1953 858 1989 ἐλα-

50 1999 216 2055 φροτέρᾳ
248 1997 495 2040 καλύπτοιτο,
537 2000 573 2033 εἰ
613 1999 653 2035 δὲ
695 1999 859 2045 χειμάσει

49 2045 280 2103 (χειμάσαι),
324 2042 487 2101 άμείψας
517 2043 635 2092 ταύτῃ
673 2047 858 2103 χρήσαιτο.

49 2095 103 2128 E:
128 2092 227 2133 εἰκὸς
244 2089 337 2148 γάρ,
345 2089 410 2128 τὸν
435 2090 643 2135 ὄρχαμον
667 2092 859 2137 άνδραῖν

50 2140 116 2184 (24
145 2140 231 2184 etc.)
280 2135 463 2195 Εὔμαιον
498 2138 560 2172 καὶ
607 2137 859 2193 άμοιβάδα

51 2189 257 2230 χλαῖναν
281 2185 395 2243 ε’χειν,
419 2197 487 2230 ονχ
508 2180 598 2219 ὥστε
622 2183 691 2220 δύο
711 2189 861 2231 χλαίνας

53 2235 198 2278 φορεῖν,
221 2229 302 2268 αλλ’
329 2232 391 2267 ἴνα
407 2231 585 2287 χειμῶνος
601 2229 859 2277 ἐπιγενομένου

53 2279 216 2324 ἀμείβων
239 2276 289 2320 ὡς
311 2278 374 2313 καὶ
395 2276 625 2333 πυκνοτέραν
648 2293 680 2313 κ.
702 2279 862 2336 μεγάλην

53 2329 180 2382 χροῖτο
206 2323 324 2371 αὐτῇ,
349 2325 507 2381 πυκνῇ
530 2323 598 2367 μὲν
613 2322 724 2382 οὔσῃ
736 2326 798 2361 διά
816 2325 859 2361 τό

54 2371 188 2417 ψύχος,
212 2369 400 2428 μεγάλῃ
406 2368 458 2413 δὲ,
482 2371 544 2427 ‘1⁷3¹oe
545 2368 670 2427 σκέπῃ
686 2370 753 2407 τὸν
774 2369 861 2408 ὅλον

57 2418 243 2464 Εὔμαιον.
282 2415 344 2453 διὸ
379 2414 403 2463 ἡ
427 2413 506 2459 μετ’
533 2414 638 2460 ὀλίγα
661 2418 764 2463 (531)
789 2433 860 2463 φο-

57 2465 217 2523 ρουμένη
248 2466 396 2520 χλαῖνα
412 2461 480 2506 ε’ξω
512 2461 552 2497 ἐν
575 2464 710 2511 αἰθρία
728 2464 860 2522 μάλα

57 2525 125 2557 μεν
148 2508 324 2566 πυκνή,
350 2507 396 2544 οὖ
420 2507 555 2554 μεγάλη
580 2509 632 2545 δέ.
654 2528 699 2536 —-
724 2509 860 2546 ε’κπα-

55 2561 168 2604 γλος
192 2555 261 2602 (θ’,
284 2558 330 2592 77
349 2559 415 2590 etc.
419 2556 458 2600 ),
492 2556 671 2599 immania,
695 2557 861 2601 gravissi-

58 2615 144 2640 mus.

106 2696 227 2732 527-
234 2693 314 2729 535.
359 2693 536 2733 κοῖτος.
572 2691 616 2735 γ’,
641 2692 793 2729 334etc.
817 2712 860 2718 —

62 2738 317 2783 ὡπλίζετο,
340 2739 491 2773 accinxit
513 2749 559 2772 se.
593 2736 638 2783 β’,
661 2740 726 2781 20,
751 2740 792 2774 Il.
814 2738 862 2783 η’,

63 2789 131 2823 417
154 2791 221 2822 etc.
266 2786 319 2819 Ε·
355 2796 423 2820 οτι
442 2782 632 2819 παιδεύων
667 2783 687 2820 ὁ
723 2798 759 2819 π.
774 2809 785 2826 ,
818 2784 862 2820 τό

62 2836 190 2869 πλεῖον
219 2832 286 2875 τῆς
315 2829 410 2866 κατά
439 2831 522 2877 βίον
546 2831 712 2885 σπουδῆς
732 2831 865 2876 χρῆναι

63 2879 140 2915 τῶν
161 2876 414 2934 ὑπερεχόντων
435 2875 541 2918 εἶναι,
565 2875 711 2913 πλάττει
734 2877 865 2912 ἐνταῦ-

65 2928 122 2963 θα
150 2924 219 2961 τὸν
259 2922 472 2968 ὄρχαμον
509 2919 698 2967 Εὔμαιον,
739 2921 779 2958 ἐν
812 2923 863 2968 τῷ

111 2981 254 3019 Rom.
279 2982 416 3016 Onna.
440 2981 485 3015 11.

901 1397 991 1439 τούς
1023 1394 1156 1452 ἄλλους
1196 1396 1265 1432 ἔσω
1300 1397 1504 1440 κοιμᾶσθαι
1541 1395 1604 1432 διά
1634 1397 1702 1443 τήν

904 1442 1232 1487 σκοτομήνιον
1271 1458 1302 1478 κ.
1343 1443 1496 1486 κακήν
1533 1443 1704 1488 νύκτα,

903 1489 971 1533 ἔξω
1004 1490 1235 1533 κοιμώμενον
1267 1488 1385 1525 αὐτόν
1424 1489 1580 1526 ἔνοπλον
1592 1491 1706 1548 πρός

901 1541 980 1576 τοῖς
1012 1536 1238 1594 βοσκήμασιν
1273 1535 1334 1571 ἐπὶ
1372 1538 1530 1591 φυλακῇ.
1589 1533 1610 1571 ὃ
1642 1538 1706 1574 καὶ

901 1584 1044 1628 βλέπων
1055 1581 1135 1619 ’.Οδ
1159 1585 1289 1627 χαίρει.
1305 1602 1348 1608 -
1373 1581 1559 1640 βιότου,
1583 1584 1707 1627 victus,

900 1631 952 1664 rei
970 1629 1156 1664 familiaris.
1169 1649 1212 1653 —
1237 1629 1412 1673 νόσφιν
1437 1628 1610 1670 ἐόντος,
1627 1633 1707 1665 abs-

902 1677 999 1710 entis.
1021 1696 1065 1701 --
1097 1677 1373 1721 στιβαροῖς,
1396 1677 1552 1712 robustis.
1582 1674 1627 1717 θ’,
1648 1679 1707 1722 61,

940 1724 1043 1764 ,100
1066 1726 1132 1756 etc.
1156 1740 1202 1748 —
1243 1725 1283 1756 A.
1311 1725 1366 1756 1.:
1403 1704 1707 1778 ἀλεξάνεμον

901 1766 1048 1825 βοηθὸν
1060 1766 1238 1826 ψύχους,
1246 1769 1479 1823 δυναμένην
1503 1765 1708 1812 άντιπράτ-

901 1827 978 1850 τειν
1002 1813 1146 1858 ἀνέμῳ,
1181 1812 1205 1859 ἢ
1231 1811 1478 1870 άπείργουσαν
1512 1827 1601 1856 τους
1625 1814 1708 1853 άνέ-

902 1874 1008 1906 μους.
1056 1861 1166 1894 idem:
1197 1861 1301 1907 παρά
1331 1862 1408 1896 τῶν
1442 1859 1708 1920 άγροικοτέρων

903 1906 1100 1952 λεγομένην
1130 1905 1253 1950 κάπα,
1285 1919 1373 1953 quae
1405 1907 1575 1942 habentur
1606 1912 1707 1947 etiam

903 1955 995 2009 apud
1022 1956 1092 1987 Am.
1121 1954 1166 1994 Q.
1188 1973 1232 1978 ——
1266 1954 1348 1990 Sch.
1363 1967 1372 1988 ε
1397 1954 1557 2000 νάκην.
1591 1957 1708 2002 δέρμα

904 1998 1007 2045 αἰγός
1024 1997 1270 2042 δασύμαλλον.
1304 2002 1344 2035 Α.
1369 2006 1418 2037 1..
1441 2002 1620 2047 γράφεται
1637 2003 1709 2040 νά-

903 2060 982 2086 κος
1014 2059 1117 2090 παρα
1145 2047 1340 2093 Θεοκρίτω.
1388 2049 1439 2082 sic
1465 2049 1564 2084 etiam
1568 2051 1708 2106 β,βλάβη

904 2092 1062 2139 βλάβος,
1102 2094 1197 2136 δίψα
1230 2095 1360 2135 δίψος,
1392 2095 1493 2140 νείκη
1524 2099 1643 2138 νεῖκος
1674 2105 1710 2133 et

904 2143 1022 2174 horum
1040 2138 1163 2172 similia
1180 2138 1252 2174 sine
1274 2140 1467 2175 discrimine
1489 2149 1708 2187 usurpantur,

905 2191 946 2220 ut
968 2185 1000 2218 E
1025 2185 1212 2219 annotavit.
1259 2185 1365 2220 idem·
1385 2186 1527 2242 λέγεται
1549 2189 1608 2230 δὲ,
1634 2203 1709 2235 φα-

907 2232 964 2273 σὶ,
987 2229 1083 2275 νάκη
1108 2244 1157 2270 ως
1181 2231 1297 2267 οἱονεὶ
1321 2230 1459 2289 άνάκη,
1483 2235 1538 2278 (9)
1570 2234 1628 2280 ἐφ’
1653 2235 1709 2279 οἷς

907 2276 1092 2314 ἀνέκειντο
1125 2274 1339 2319 νπνοιῖντες.
1393 2276 1414 2314 ὁ
1450 2279 1589 2338 μέντοι
1611 2280 1708 2340 Ευμ.

908 2323 1046 2365 άλλως,
1071 2323 1204 2366 φασὶν,
1229 2323 1300 2369 ε’χει
1323 2337 1390 2369 την
1414 2324 1541 2381 νάκην,
1565 2325 1649 2382 ἦτοι
1665 2327 1707 2364 τὰ

906 2370 1046 2414 αἴγειον
1070 2370 1202 2413 δέρμα·
1234 2369 1294 2406 ἐπὶ
1325 2370 1514 2416 φορήματι
1535 2373 1627 2428 γάρ,
1659 2388 1710 2416 ως

905 2418 968 2452 καὶ
993 2417 1031 2451 εἰ
1048 2429 1103 2457 τις
1122 2414 1317 2471 άνάψοιτο
1341 2419 1505 2461 λεοντῆν,
1527 2416 1553 2462 ἢ
1567 2432 1640 2464 παρ
1644 2421 1709 2455 δα-

907 2463 968 2508 λεή
972 2476 992 2496 ν
1017 2462 1232 2507 (Ῑ1.γ,,17
1255 2462 1301 2505 κ’,
1325 2462 1411 2506 29),
1446 2479 1468 2508 η
1494 2433 1640 2524 λυκέηνρ
1649 2467 1707 2510 (ΙΙ.

907 2509 950 2550 κ’,
947 2477 1073 2550 η459).
1100 2475 1181 2563 ἴδιό
1205 2509 1268 2545 καὶ
1291 2508 1560 2564 εὖτρεφοῦς
1583 2507 1631 2554 ην
1653 2513 1708 2547 αἰ-

906 2557 989 2611 γός,
1024 2566 1074 2593 ως
1098 2567 1146 2588 αν
1169 2554 1225 2599 εἴη
1248 2555 1310 2591 καὶ
1342 2555 1440 2612 αὔτή
1474 2554 1707 2601 α’λεξάνεμος.

906 2615 941 2642 ι,
955 2601 1055 2637 425..
1079 2598 1225 2643 ἄρσενες
1242 2601 1316 2642 ὄϊες
1332 2596 1440 2657 ἦσαν
1444 2599 1553 2645 ἐϋτρ
1567 2603 1709 2647 εφέες,

908 2646 1217 2690 δασύμαλλοι
1241 2653 1307 2681 etc.
1329 2664 1374 2672 —-
1416 2645 1591 2682 ἄκοντα
1622 2648 1710 2684 dicit

907 2694 1054 2738 pedum,
1087 2698 1125 2726 ut
1147 2692 1203 2735 ν’,
1229 2694 1316 2734 225,
1347 2691 1401 2725 cui
1426 2693 1544 2727 versui
1567 2694 1623 2729 hic
1646 2694 1709 2729 ιά-

910 2739 1107 2773 scribendus
1131 2744 1218 2773 erat.
1247 2757 1292 2763 --
1334 2750 1490 2772 κυνων
1523 2739 1603 2775 καὶ
1636 2735 1710 2775 άν-

909 2787 1052 2830 ὅρων,
1085 2795 1209 2817 canum
1233 2789 1266 2818 et
1288 2784 1462 2826 virorum,
1494 2784 1527 2816 h.
1554 2796 1584 2818 e·
1608 2797 1709 2831 pere-

908 2831 1091 2875 grinorum.
1119 2848 1165 2854 —-
1209 2829 1365 2863 Am.13.=
1398 2828 1603 2884 ἀλκτῆρα
1637 2831 1710 2876 (φ’,

908 2877 996 2918 340,
1022 2876 1061 2909 ΙΙ.
1085 2873 1128 2917 ξ,
1152 2874 1240 2919 485,
1306 2875 1438 2918 ,100).
1475 2843 1710 2922 άποσοβητῆ-

909 2935 968 2966 ρα.
990 2941 1035 2948 -
1075 2921 1224 2956 κείων.
1256 2919 1335 2956 427.
1377 2919 1574 2956 inusitatum
1605 2922 1709 2958 fuerit

1377 2969 1432 3008 14
