1856 3282
91 137 178 177 23⁰

726 138 1124 181 ΟΜΗΡΟΥ

260 245 439 300 χέρνιβα
467 244 515 289 δ’
549 243 799 318 ἀμφίπολος
822 246 1002 317 προχόῳ
1031 247 1202 302 ἐπέχευε
1231 249 1431 305 φέρουσα

263 305 400 357 καλῇ,
431 305 646 373 χρυσείῃ,
661 303 773 359 νπὲρ
805 303 1040 359 ἀργυρέοιο
1070 305 1263 360 λέβητος,

259 359 497 406 νίψασθαι·
525 359 646 413 παρά
677 361 724 403 δὲ
752 361 903 416 ξεστὴν
931 360 1140 404 ἐτάνυσσε
1167 361 1394 415 τράπεζαν.

152 417 232 460 175
262 420 384 457 σῖτον
414 413 458 458 δ’
485 417 634 487 αἰδοίη
663 419 793 473 ταμίη
823 417 1045 473 παρέθηκε
1075 418 1288 487 φέρουσα,

260 472 409 514 εἴδατα
437 471 566 515 πόλλ’
595 473 816 532 ἐπιθεῖσα,
847 474 1105 529 χαριζομένη
1134 473 1404 527 παρεόντων.

259 526 400 580 αὐτὰρ
432 526 455 571 ὁ
483 533 583 572 πῖνε
611 530 684 572 καὶ
712 525 823 584 ἧσθε
851 530 1069 581 πολύτλας
1098 532 1192 581 δῖος
1216 529 1469 582 Ὀδυσσεύς·

259 585 333 629 καὶ
362 583 458 627 τότε
487 585 659 640 κήρυκα
688 587 889 642 προσέφη
923 588 1069 655 μένος
1077 585 1345 630 Ἀλκινόοιο·

335 641 622 693 ,,Ποντόνοε,
654 647 850 698 κρητῆρα
878 641 1201 698 κερασσάμενος
1230 643 1359 712 μέθυ
1373 647 1525 699 νεῖμον

150 701 230 742 180
260 700 392 740 πᾶσιν
422 696 506 740 α’νὰ
536 697 751 769 μέγαρον,
782 702 856 743 ἴνα
884 701 957 744 καὶ
992 702 1070 743 Διί
1097 699 1424 755 τερπικεραύνῳ

260 766 331 797 σπ
343 755 516 808 ι’σομεν,
547 753 648 798 ὅσθ’
683 754 877 824 ἱκέτῃσιν
907 755 984 812 αμ’
1019 759 1251 801 αἰδοίοισιν
1280 758 1486 817 ὀπηδεῖ.“

326 809 411 859 Ὡς
443 809 583 882 φάτο·
616 811 871 864 Ποντόνοος
901 814 947 857 δε
976 815 1220 869 μελίφρονα
1250 829 1376 855 οινον
1406 812 1578 868 ἐκίρνα,

258 866 460 937 νώμησεν
491 865 535 910 6'
567 866 655 922 ἄρα
686 873 846 922 πᾶσιν,
876 870 1169 923 ἐπαρξάμενος
1200 869 1442 913 δεπάεσσιν.

262 921 404 977 αύταρ
435 922 525 966 ἐπεὶ
555 923 735 968 σπεῖσάν
764 925 828 977 τ’,
856 925 979 969 ἔπιόν
1008 925 1078 978 θ’,
1111 927 1217 970 ὅσον
1227 926 1376 996 ἡθελε
1403 924 1564 982 θυμὸς,

149 983 229 1025 185
259 985 402 1024 τοῖσιν
433 979 478 1023 δ’
506 979 728 1033 ’Λλκίνοος
758 980 1009 1039 ἀγορήσατο
1039 984 1113 1027 καὶ
1142 982 1352 1040 μετέειπε·

310 1081 471 1117 Alcinous
492 1094 592 1118 sacra
615 1084 783 1128 postridie
805 1085 966 1120 facienda
987 1084 1128 1128 indicit,
1153 1096 1260 1131 seque
1282 1084 1476 1130 Uly'ssem
1466 1097 1502 1119 m
1520 1086 1667 1132 patriam
1691 1086 1753 1121 de-

226 1128 412 1163 ducturum
436 1141 512 1163 esse
534 1131 721 1175 significat.

339 1195 591 1248 „K5xkvt5,
611 1197 834 1266 Φαιήκων
863 1196 1073 1266 ἡγήτορες
1100 1198 1180 1253 η’δὲ
1209 1197 1425 1253 μέδοντες,

263 1250 376 1306 ὄφρ’
409 1255 539 1301 εἴπω,
567 1252 621 1296 τά
650 1271 701 1310 με
730 1255 873 1310 θυμὸς
903 1255 966 1298 ἐνὶ
996 1254 1200 1308 στήθεσσι
1229 1254 1407 1297 κελεύει.

259 1313 344 1351 νῦν
373 1309 451 1363 μὲν
479 1310 736 1380 δαισάμενοι
763 1313 1006 1355 κατακείετε
1037 1310 1182 1354 οἴκαδ’
1216 1310 1380 1362 ἰόντες·

257 1362 407 1418 ἠῶθεν
437 1366 482 1409 δὲ
511 1366 722 1422 γέροντας
751 1368 819 1412 ἐπὶ
848 1368 1036 1419 πλέονας
1066 1367 1325 1417 καλέσαντες

151 1426 230 1466 190
260 1423 406 1473 ξεῖνον
436 1424 498 1466 ἐνὶ
527 1424 736 1480 μεγάροις
766 1427 1060 1479 ξεινίσσομεν,
1083 1422 1167 1494 ἠδὲ
1197 1428 1342 1467 θεοῖσι

260 1478 484 1533 ῥέξομεν
468 1481 561 1534 ιεροὶ
593 1483 715 1525 καλά.

774 1482 917 1525 ἔπειτα
948 1481 993 1524 δὲ
1023 1480 1097 1524 καὶ
1126 1481 1226 1533 περὶ
1255 1483 1434 1550 πομπῆς

259 1536 521 1606 μνησόμεθ’,
554 1537 611 1589 ὥς
639 1537 683 1594 χ’
716 1536 739 1582 ὁ
772 1540 910 1590 ξεινος
940 1537 1102 1580 ἄνευθε
1131 1537 1275 1580 πόνου
1304 1537 1378 1579 καὶ
1407 1535 1533 1594 ἀνίης

260 1597 417 1663 πομπῇ
445 1591 535 1648 υφ’
562 1594 745 1652 ἡμετέρῃ
775 1595 832 1651 ην
861 1595 1052 1647 πατρίδα
1081 1598 1214 1648 γαῖαν
1244 1594 1387 1648 ι’κηται

259 1650 425 1703 χαίρων
453 1654 763 1720 καρπαλίμως,
795 1654 832 1695 εί
861 1652 934 1694 καὶ
967 1649 1084 1705 μα’λα
1111 1649 1296 1717 τηλόθεν
1326 1649 1428 1702 ἐστι,

151 1707 230 1750 195
260 1706 367 1760 μηδέ
397 1723 438 1749 τι
467 1708 685 1775 μεσσηγύς
712 1724 761 1763 γε
791 1709 930 1753 κακόν
959 1707 1033 1750 καὶ
1062 1710 1184 1762 πῆμα
1212 1705 1395 1760 πάθῃσι,

259 1764 366 1815 πρίν
394 1779 442 1818 γε
471 1763 549 1806 τὸν
577 1769 628 1819 ἡς
656 1768 782 1824 γαίης
812 1762 1075 1819 ἐπιβήμεναι.

1135 1763 1245 1805 ἔνθα
1276 1762 1321 1805 δ’
1352 1763 1498 1806 ἔπειτα

260 1822 472 1871 πείσεται,
504 1819 616 1864 ἅσσα
647 1823 690 1865 οἱ
721 1826 836 1866 Αίσα
866 1819 1162 1869 Κατακλοῖθές
1192 1835 1235 1862 τε
1266 1822 1439 1873 βαρεῖαι

258 1876 498 1948 γεινομένῳ
533 1877 724 1945 νήσαντο
754 1882 887 1936 λίνῳ,
919 1877 989 1920 ὅτε
1020 1892 1096 1946 μιν
1126 1876 1221 1919 τέκε
1252 1876 1406 1930 μήτηρ.

265 1934 302 1976 εἰ
332 1933 378 1976 65
407 1950 472 1986 τις
502 1933 739 1979 ἀθανάτων
767 1952 816 1993 γε
845 1933 942 1980 κατ’
976 1932 1174 1989 οὐρανοῦ
1205 1932 1477 1989 εἰλήλουθεν,

91 2090 295 2125 pronomen,
320 2084 357 2114 ut
381 2079 427 2125 β,
449 2083 530 2123 225,
562 2083 630 2118 226
656 2086 721 2116 etc.
757 2082 901 2117 sedebat

90 2126 280 2159 Laodamas
300 2126 402 2169 juxta
427 2134 578 2174 patrem,
607 2135 767 2175 tanquam
792 2131 901 2164 caris—

91 2172 195 2206 simus
218 2173 378 2207 filiorum.

139 2242 261 2277 172—
273 2243 350 2276 176.
399 2241 445 2286 α’,
473 2242 685 2279 136-140,

139 2311 218 2347 177.
266 2309 308 2352 ζ’,
332 2308 412 2353 249,
451 2310 490 2353 ε’,
515 2312 561 2347 94
585 2317 653 2346 etc.

141 2380 347 2414 179—183.
396 2379 578 2420 „similiter
602 2381 694 2414 Dido
720 2392 775 2425 ap.
800 2380 897 2425 Virg.

91 2427 176 2460 Aen.
207 2429 237 2467 1,
259 2427 328 2460 735
349 2438 360 2458 .·
401 2428 549 2470 Jupiter,
583 2428 789 2470 (hospitibus
816 2439 898 2459 nam

92 2478 126 2506 te
166 2473 252 2505 dare
274 2472 363 2514 jura
389 2473 606 2516 loquuntur),
645 2474 744 2506 Hunc
770 2475 899 2507 laetum

94 2519 277 2562 Tyriisque
306 2519 396 2550 diem
424 2520 595 2562 Trojaqne
631 2521 793 2563 profectis
818 2521 901 2553 Esse

92 2566 198 2606 velis,
221 2569 420 2608 nostrosque
444 2565 543 2607 hujus
577 2567 770 2599 meminisse
792 2567 902 2599 mino-

92 2622 158 2644 res.
209 2611 307 2644 Adsit
333 2611 490 2644 laetitiae
507 2612 661 2644 Bacchus
686 2613 812 2646 dator-‘⁶
833 2618 901 2645 etc.

92 2676 139 2681 -—-
171 2658 456 2701 μελίφρονα.
499 2655 543 2699 κ’,
581 2659 669 2699 356,
703 2659 738 2690 ΙΙ
766 2657 806 2699 ζ
833 2658 902 2693 264

93 2707 162 2737 etc.
189 2722 231 2728 —
256 2703 481 2746 νώμησαν
506 2722 548 2727 -
575 2701 820 2740 δεπάεσσι.
856 2704 902 2749 γ’,

93 2749 176 2791 340,
202 2749 242 2785 ll.
267 2747 315 2791 α’,
339 2752 404 2784 471
432 2756 499 2783 etc.

142 2817 221 2852 184.
266 2831 310 2862 γ,
332 2817 412 2859 342„
437 2818 478 2852 ΙΙ.
503 2815 539 2859 ι’,
565 2818 630 2853 177
646 2821 713 2852 etc.

144 2887 353 2921 185-187.
401 2884 453 2925 θ’.
486 2888 651 2922 25-27.
701 2887 745 2920 cf.
779 2886 904 2921 ibidem

94 2933 152 2974 97,
175 2933 257 2974 387,
283 2933 320 2966 11.
346 2930 392 2977 η’,
415 2934 473 2973 67,
499 2934 555 2974 63,
580 2934 660 2974 348,
684 2933 753 2969 349
773 2941 840 2967 etc.

142 3001 333 3036 188-210.
372 3001 439 3035 H.:
469 3003 592 3037 δαισ.
617 3002 903 3039 κατακείετε.

946 2077 1008 2139 (,σ’,
1042 2079 1139 2124 407.)
1182 2077 1457 2123 εὐωχησοὲμενοι
1484 2077 1656 2122 καθευὸή
1657 2089 1755 2114 σατε.

946 2126 986 2162 ἐκ
1020 2127 1090 2160 τοῦ
1113 2127 1184 2168 κῶ,
1217 2129 1316 2160 κείω.
1347 2145 1393 2152 —-
1431 2123 1504 2161 ἐπὶ
1529 2129 1592 2160 πλ.
1626 2125 1756 2185 ἰα’λέ-

947 2184 1127 2212 σαντες
1177 2172 1315 2211 tmesis,
1356 2170 1496 2206 εἰτικαλ.
1557 2172 1621 2205 H.=
1669 2169 1756 2207 οἷντὶ

946 2221 1011 2263 τῆς
1035 2217 1163 2261 πρός.
1189 2240 1233 2245 -—
1281 2218 1388 2251 idem·
1428 2219 1540 2260 πρίν
1575 2230 1626 2262 γε
1661 2217 1755 2253 τόν.

946 2264 1031 2300 ἀντὶ
1056 2266 1125 2300 τοῦ
1159 2264 1242 2307 περὶ
1268 2261 1399 2298 αὐτόν.
1443 2262 1491 2305 ὠς
1513 2264 1646 2308 (velut)
1671 2265 1755 2307 περὶ

944 2311 1071 2356 ἑτέρου
1096 2310 1199 2355 λέγει.
1233 2330 1279 2334 -
1321 2309 1684 2356 ἔνθα-μήτηρ.
1711 2311 1753 2346 ΙΙ.

944 2371 991 2399 ν,
1027 2360 1112 2397 127,
1142 2358 1224 2399 128,
1256 2354 1314 2395 ω’,
1347 2358 1436 2396 209,
1459 2358 1538 2392 210.
1592 2359 1663 2391 Am.
1688 2357 1753 2392 Ε..

948 2403 1066 2439 ὅσσα
1100 2403 1188 2447 (sic)
1213 2422 1256 2427 —
1282 2381 1494 2461 βαρεῖῷαι
1541 2415 1590 2440 ως
1613 2403 1757 2448 γενικόν

945 2464 979 2485 τι
994 2446 1089 2493 ”.Ομ
1114 2447 1295 2504 λαμβάνει
1319 2448 1360 2484 τὸ
1392 2453 1525 2490 αἱσα,
1555 2447 1604 2489 ὥς
1630 2449 1757 2486 ἰδικόν

948 2495 1125 2552 (εἰδικόν)
1140 2493 1229 2529 δετὸ
1249 2495 1558 2536 κατακλῶθές
1577 2507 1625 2530 τε
1646 2497 1757 2540 βαρ,

948 2556 997 2583 ως
1021 2541 1060 2578 ἐν
1078 2540 1205 2575 Ἰλιάδι
1233 2540 1295 2584 (α’,
1321 2541 1395 2598 6).)
1420 2541 1461 2576 τὸ
1493 2540 1575 2599 α”γε
1609 2541 1664 2586 δη
1695 2556 1757 2578 τι-

947 2601 1005 2624 να
1029 2587 1209 2642 μάντιν
1233 2587 1474 2630 ἐρείομεν,
1500 2584 1524 2631 η’
1550 2588 1707 2631 ἱερῆα,
1733 2587 1757 2633 ἢ

947 2635 1031 2670 καὶ
1056 2631 1391 2678 ὀνειροπόλον,
1418 2647 1469 2674 ως
1489 2635 1686 2669 ἰδιωτικόν.
1712 2637 1756 2668 ab

949 2681 1017 2715 alia
1048 2692 1148 2713 manu
1184 2680 1302 2725 procul
1333 2680 1435 2714 dubio
1461 2681 1636 2723 adscripta
1666 2686 1757 2723 sunt,

949 2738 1013 2761 nec
1048 2727 1171 2766 nauci,
1198 2729 1301 2767 haec,
1335 2738 1476 2770 qnorum
1497 2727 1621 2783 similia
1653 2732 1689 2760 et
1722 2728 1756 2760 in

949 2773 1075 2806 ceteris
1107 2773 1245 2806 scholiis
1273 2773 1449 2816 leguntur:
1485 2770 1509 2817 ἦ
1540 2772 1665 2828 μέντοι
1689 2787 1756 2808 του

950 2820 1263 2859 κατακλώθες
1309 2817 1490 2862 πρόθεσις
1533 2816 1759 2854 ἀποδίδοται

950 2865 1042 2906 πρὸς
1067 2865 1106 2898 τό
1134 2865 1366 2909 νήσαντο,
1392 2865 1488 2909 quasi
1509 2868 1611 2910 poeta
1631 2865 1760 2900 dixerit
1825 2876 1827 2878 ·

951 2911 1106 2951 Κλῶθές
1131 2924 1168 2945 τε
1193 2910 1470 2954 κατανήσαντο,
1489 2912 1587 2966 quod
1615 2911 1759 2946 durissi-

952 2969 1049 2990 mum.
1085 2969 1117 2990 v.
1144 2958 1190 2991 N.
1221 2978 1264 2983 -
1309 2955 1409 2993 κατ’
1446 2955 1684 2999 ουρανοῦ,
1720 2959 1763 2991 de

952 3005 1063 3048 coelo,
1097 3016 1117 3038 e
1141 3005 1256 3046 coelo,
1292 3003 1409 3050 ut-firj
1439 3001 1480 3040 δὲ
1504 3001 1588 3039 κατ’
1617 3001 1766 3049 Οὐλύμ-
