1856 3282
121 130 180 170 30
752 128 1154 170 ΟΜΗΡΟΥ

291 237 506 280 κάλλιπεν.
555 234 659 281 ov6'
691 237 753 281 ἔτι
781 243 929 282 κεῖνον
957 237 1231 292 ὀδυρόμενος
1260 241 1486 310 στεναχίζω

294 291 414 344 οἷον,
444 293 537 337 ἐπεί
565 294 623 336 νύ
651 311 728 349 μοι
757 295 864 338 ἄλλα
892 296 992 338 θεοὶ
1021 294 1135 338 κακὰ
1158 294 1288 362 κήδε’
1319 297 1514 349 ἔτευξαν·

176 352 258 393 245
290 350 416 395 ὅσσοι
442 350 528 405 γὰρ
559 351 759 406 νήσοισιν
787 352 1120 421 ἐπικρατέουσιν
1151 350 1337 404 α’ριστοι,

287 409 509 476 Δουλιχίῳ
539 423 604 454 τε,
643 407 776 464 Σάμῃ
805 424 870 457 τε,
901 409 975 451 καὶ
1004 406 1177 463 ὑλήεντι
1209 408 1447 478 Ζακύνθῳ,

287 461 361 516 ἠδ’
394 463 520 506 ὅσσοι
548 465 747 534 κραναὴν
774 465 948 520 Ἰθάκην
975 466 1390 518 κατακοιρανέουσι,

287 519 437 563 τόσσοι
462 518 624 590 μητέρ’
657 520 766 576 ἐμην
796 526 1012 576 μνῶνται,
1044 520 1270 590 τρύχουσι
1284 521 1330 564 δὲ
1359 526 1499 564 οἰκον.

286 573 315 630 ἡ
347 574 390 618 δ’
425 574 520 619 οὔτ’
554 574 750 630 ἀρνεῖται
779 577 993 632 στυγερόν
1020 577 1182 632 γάμον,
1215 575 1315 620 οὔτε
1343 576 1546 633 τελευτὴν

175 634 257 676 250
287 636 468 692 ποιῆσαι
499 631 709 702 δύναται·
739 635 807 677 τοὶ
833 635 880 678 δὲ
909 633 1218 688 φθινύθουσιν
1247 634 1417 684 ἔδοντες

289 693 415 732 οἰκον
444 689 574 744 ἐμόν,
604 689 712 746 τάχα
745 690 799 747 δη
828 706 880 746 με
913 691 1224 745 διαρραίσουσι
1253 690 1350 734 καὶ
1346 689 1534 734 αὕτόν.“

335 790 467 834 jubeti
458 790 617 824 Minerva
642 792 907 834 Telemachum,
942 805 1018 827 cras
1043 798 1230 828 convocato
1255 793 1291 827 in
1316 792 1510 828 concionem
1534 793 1683 845 populo..
1717 792 1779 825 do-

258 836 550 916 mumddimittere
575 849 721 883 procos,
756 845 826 873 tum
859 840 971 885 ipsum
995 839 1170 884 proficisci
1201 839 1324 885 Pylum
1348 846 1384 873 et
1409 839 1598 885 Spartam,
1623 837 1778 872 sciscita-

258 888 327 915 tum
377 895 395 915 e
420 889 520 926 patre

372 949 460 992 T6v
491 949 534 993 6’
566 950 897 1021 ἐπαλαστήσασα
926 953 1156 1023 προσηύδα
1188 952 1366 1003 Παλλοὶς
1391 950 1571 1010 Ἀθήνη·

287 998 354 1056 „63
382 1007 538 1057 πόποι,
574 1009 602 1063 ἡ
635 1008 687 1064 δή
722 1010 886 1052 πολλόν
897 1008 1214 1079 ἀποιχομένου
1240 1009 1453 1065 Ὀδυσῆος

293 1061 421 1118 δεύῃ
453 1063 479 1106 ὅ
508 1079 555 1106 κε
586 1069 852 1134 μνηστῆρσιν
881 1064 1076 1137 άιάιδέσι
1105 1071 1252 1122 χεῖρας
1282 1067 1418 1122 ἐφείη.

173 1120 257 1162 255
288 1120 325 1160 εἰ
353 1119 438 1174 γάρ
468 1124 553 1162 νῦν
581 1121 726 1164 ἐλθων
755 1122 898 1177 δόμου
926 1123 974 1165 ἐν
1002 1123 1199 1178 πρώτῃσι
1215 1123 1395 1194 θύρῃσι.

289 1177 434 1230 σταίη,
466 1176 575 1231 ἔχων
602 1176 799 1250 πήληκα,
830 1179 904 1221 καὶ
936 1178 1124 1230 ἀσπίδα,
1155 1179 1228 1222 καὶ
1259 1179 1340 1223 ὁύο
1376 1181 1523 1235 δοῦρε,

288 1236 410 1282 τοῖος
441 1232 548 1287 ἐών,
582 1237 680 1277 οἷον
708 1251 784 1289 μιν
815 1235 896 1290 ἐγώ
925 1236 979 1278 τοὶ
1008 1234 1148 1290 πρῶτ’
1178 1234 1340 1291 ἐνόησα

287 1288 394 1343 οἴκῳ
426 1289 473 1331 ἐν
500 1288 714 1345 ἡμετέρῳ,
745 1291 931 1334 πίνοντά
959 1308 1021 1344 τε,
1052 1292 1322 1347 τερπόμενόν
1350 1307 1409 1341 τε,

288 1342 332 1394 ἐξ
359 1333 554 1415 Ἐφύρης
583 1347 765 1390 άνιόντα
793 1347 904 1401 παρ’
924 1347 1071 1391 ’Ίλλου
1102 1350 1412 1402 Μερμερίδαοῖ

174 1403 257 1444 260
294 1399 427 1469 ᾤχετο
456 1402 540 1456 γάρ
571 1421 646 1446 και
675 1408 806 1448 κεῖσε
817 1408 929 1458 θοῆς
959 1405 1027 1448 ἐπὶ
1056 1405 1181 1476 νηός
1186 1403 1440 1456 Ὀδυσσεὺς,

289 1457 525 1513 φάρμακον
555 1458 856 1515 ἀνδροφόνον
877 1461 1125 1534 διζήμενος,
1156 1461 1285 1532 ὄφρα
1309 1463 1353 1504 οἱ
1382 1462 1446 1516 εἴη

289 1514 387 1567 ἰούς
414 1519 618 1571 χρίεσθαι
645 1516 906 1574 χαλκήρεας·
939 1517 1036 1561 αλλ’
1065 1516 1089 1562 ὁ
1120 1518 1200 1574 μὲν
1230 1517 1285 1561 οὔ
1314 1519 1358 1561 οἱ

975 1654 1087 1695 draus
1105 1654 1168 1688 mit
1191 1653 1394 1688 zfirnendem
1411 1652 1562 1687 schmerz
1577 1654 1784 1684 antwortete

977 1701 1095 1734 Pallas
1125 1702 1269 1734 Athene.
1294 1720 1338 1724 ——
1365 1699 1515 1744 ἐφείη
1520 1724 1527 1731 .
1492 1703 1663 1743 ‘qoptat-
1688 1695 1783 1741 posi-

974 1752 1030 1780 tus
1056 1757 1118 1791 pro
1143 1747 1371 1790 conjunctivo.
1396 1758 1429 1780 v.
1450 1744 1574 1778 Matth
1599 1746 1633 1786 §-
1656 1744 1784 1778 519.—

976 1792 1064 1827 δύο
1106 1794 1267 1835 δοῦρε.
1304 1803 1399 1826 more
1431 1792 1584 1824 heroum.
1617 1801 1652 1823 v.
1675 1789 1714 1822 ΙΙ
1738 1786 1785 1833 γ’,

977 1841 1032 1880 18,
1067 1837 1120 1881 φ’,
1160 1841 1225 1873 145
1251 1844 1318 1872 etc.
1352 1857 1399 1862 —
1432 1836 1652 1892 Εφύρης.
1684 1835 1784 1869 The-

974 1885 1127 1929 sprotiae
1153 1886 1271 1918 urbem
1293 1884 1391 1917 dicit.
1415 1883 1454 1917 ΙΙ.
1513 1883 1627 1926 ,.659
1649 1899 1690 1905 -
1704 1878 1787 1916 ’‘12-

118 1651 302 1694 kundelos,
326 1663 427 1686 sensu
452 1652 603 1698 passivo,
629 1653 743 1689 activo
770 1652 858 1687 dixit
883 1650 928 1696 δ’,

118 1699 198 1733 675.
236 1703 271 1731 et
309 1701 386 1733 127.
420 1711 453 1732 v.
491 1711 568 1732 ann.
603 1701 646 1733 ad
678 1701 718 1733 ΙΙ.
751 1699 799 1740 λ’,
834 1700 927 1742 649„

118 1745 246 1778 Matth.
269 1747 300 1787 ἓ.
322 1746 403 1785 215,
425 1747 457 1779 2.
474 1745 526 1779 E:
552 1744 594 1781 τὸ
620 1745 788 1786 ἅϊστος
812 1745 928 1781 ἄπυ-

119 1797 233 1831 σ’τος
271 1790 338 1825 τὸν
377 1793 521 1832 τελείως
565 1789 695 1838 άφανῆ
728 1795 929 1849 σημαίνει,

120 1837 206 1878 περὶ
240 1831 285 1872 οὗ
311 1839 439 1893 μηδὲν
463 1838 563 1893 ἴσησί
586 1852 662 1880 τις,
697 1837 784 1874 οὔτε
815 1837 930 1879 αὐτὸς

121 1882 238 1922 ἰδών,
274 1881 360 1920 ου’τε
390 1884 503 1928 ’γνούς
540 1881 614 1919 απὸ
647 1885 814 1925 πύστεως
847 1886 930 1931 ἤτοι

121 1929 333 1985 μαθήσεως.
370 1929 444 1965 ἔστι
467 1930 506 1965 δε
539 1943 652 1966 τουτο
683 1933 743 1967 καὶ
769 1931 930 1978 ἐφερμη-

121 1973 291 2011 νευτικὸν
337 1979 408 2012 τοῦ
459 1976 662 2018 ἀκλειως
701 1975 931 2021 Ἀρπυιαι

123 2021 475 2066 ἀνηρείψαντο.
501 2022 561 2067 (ξ,
583 2025 685 2080 371.)
708 2023 839 2069 ἀκλεὴς
860 2024 930 2069 γάρ

121 2081 272 2109 παντως
296 2068 526 2126 ἀνηρειπται,
551 2083 595 2105 ου
620 2073 797 2127 μηδαμοῦ
818 2072 930 2111 κλέος

125 2112 148 2151 ὅ
169 2113 244 2150 ἐστι
269 2115 396 2160 φήμη·
422 2118 594 2156 τοιοῦτος
619 2117 659 2152 δὲ
692 2115 711 2153 ὁ
738 2117 863 2157 ἄιστος
887 2118 931 2154 ἄ-

123 2173 272 2202 πυστος.
297 2163 454 2197 simfliter
478 2169 671 2204 nostrates,
709 2176 783 2198 cum
806 2165 930 2198 nullam

124 2208 269 2253 ancujus
301 2209 352 2243 rei
395 2209 586 2243 memoriam
625 2222 759 2244 manere
799 2211 929 2254 volunt,

124 2255 243 2288 dicere
268 2256 379 2288 solent
403 2257 477 2288 Dus
501 2257 650 2290 verweht
677 2258 739 2289 der
766 2258 883 2290 Wind.

171 2301 298 2336 246-
307 2303 389 2336 251.
439 2302 616 2342 Dulichio,
657 2303 789 2337 insulae
824 2302 932 2336 fertili

124 2345 187 2390 (ξ’,
212 2348 279 2382 335
305 2348 415 2390 etc.,)
449 2347 632 2392 imperavit
657 2349 799 2393 Meges,
829 2352 932 2382 Same

976 1934 996 1965 λ
1011 1943 1065 1965 ου
1091 1933 1119 1964 Α
1142 1930 1175 1965 4.
1202 1931 1282 1964 item
1299 1930 1415 1965 Schoi.
1435 1929 1566 1964 codicis
1583 1927 1786 1971 Hamburg.,

976 1977 1035 2022 qui
1060 1977 1215 2011 continet
1240 1978 1422 2022 Odysseae
1441 1976 1550 2010 libros
1576 1977 1619 2009 12
1638 1973 1787 2018 priores,
1830 1986 1831 1993 ¹

977 2035 1032 2068 ap.
1075 2024 1187 2067 He„
1231 2035 1309 2057 ann.
1353 2023 1397 2057 ad
1427 2022 1550 2067 fragm.
1585 2019 1788 2076 Apollodori

977 2081 1011 2114 p.
1045 2069 1145 2104 429.·
1181 2069 1511 2112 Μερμερίδαο.
1545 2065 1672 2102 Ἰάσων
1705 2063 1785 2108 ἅμα

978 2129 1021 2161 τῃ
1054 2118 1206 2171 ΖΙῙηδείᾳ
1238 2116 1276 2151 ἐν
1298 2115 1442 2161 Εφύρᾳ
1464 2115 1531 2159 τῆς
1549 2114 1792 2153 Θεσπρωτίας·

976 2161 1274 2220 παραγενόμενος
1306 2163 1398 2207 ἴσχει
1423 2160 1588 2205 Φέρητα,
1613 2156 1659 2195 οὗ
1684 2158 1786 2202 Νῐερ-

975 2205 1530 2264 μερος,οὗ”1λλος,οΐιινες
1544 2206 1784 2262 ἐβασίλευσαν

978 2257 1236 2313 Θεσπρωτιᾞας
1270 2269 1320 2296 ως
1355 2254 1494 2298 ἱστορεῖ
1521 2250 1789 2296 Ἀπολλόδωρος

979 2299 998 2338 6
1020 2299 1227 2345 Ἀθηναῖος.
1250 2301 1296 2348 β’,
1320 2302 1421 2336 328:
1444 2299 1487 2345 ἠὲ
1511 2299 1572 2335 καὶ
1599 2301 1658 2340 εἰς
1671 2297 1786 2344 Ἐφύ-

975 2361 1049 2406 ρην
1090 2348 1210 2383 ἐθέλει
1233 2373 1244 2390 ,
1274 2351 1488 2405 ’,πίειραν
1543 2358 1784 2389 αρουραν,

122 2398 238 2426 autem
262 2392 337 2427 sive
361 2396 485 2427 Samus
517 2398 553 2427 et
579 2395 775 2437 Zacynthus
798 2395 933 2438 ΠΙ)5εἰ5

125 2439 250 2472 ditioni
285 2440 535 2473 attribuuntur.
581 2440 933 2495 11.β’,625-636.

125 2485 169 2518 de
204 2485 329 2519 Ithaca
368 2497 403 2520 v.
433 2486 586 2531 inprimis
620 2484 663 2527 ι’,
696 2489 788 2522 21-
805 2490 862 2522 28.
889 2506 935 2512 -

125 2532 620 2575 κατακοιρανέουσιν.
644 2533 694 2566 ita
721 2533 776 2567 hic
800 2545 934 2587 quoque

125 2578 217 2612 libri.
251 2589 284 2611 v.
318 2589 396 2612 ann.
433 2579 476 2612 ad
509 2579 549 2612 ΙΙ.
582 2577 628 2620 6,
660 2581 739 2614 230.
765 2599 808 2604 -
833 2577 935 2622 τρύ-

126 2626 565 2669 xov⁶1‚t=tterunt.288,
591 2625 634 2666 κ’,
663 2627 729 2660 177
752 2629 820 2659 etc.
845 2627 935 2660 idem

129 2671 372 2716 propemodum
417 2675 470 2704 est
505 2670 743 2715 φθινύθουσι
776 2673 857 2706 250.
889 2691 935 2697 —-

128 2715 510 2797 ξιιαρᾗέσουσι,
544 2718 754 2762 disperdent.
788 2717 843 2763 β’,
875 2717 933 2760 49,

233 2786 242 2804 ,
288 2764 308 2796 7
350 2766 404 2796 etc

178 2761 298 2844 252-
307 2811 386 2844 259.
435 2812 509 2844 Am.
544 2810 585 2843 E.
620 2814 656 2844 et
683 2809 741 2849 Q.
772 2812 808 2843 et
830 2809 935 2842 Sch.=

133 2853 176 2891 τὸ
219 2852 618 2912 ἐπαλαστήσασα
642 2857 751 2899 δηλοῖ
791 2853 833 2889 τὸ
877 2853 937 2890 ἐπὶ

134 2904 213 2943 ’τοῖς
234 2903 436 2945 λεχθεῖσιν,
475 2900 525 2943 ὠς
550 2900 721 2941 άλάστοις
744 2913 776 2935 u.
801 2904 940 2942 δεινοῖς

136 2942 244 2989 οὖσι,
266 2948 586 3002 ὄεινσπαθήσασα.
597 2969 640 2974 -
663 2950 726 2993 Ap.
736 2948 768 2981 h.
780 2959 814 2982 v.
830 2961 838 2981 :
861 2945 939 2982 ἐπι-

138 2993 391 3041 χαλεπῃνασα,
414 2993 794 3040 ἐπιδεινοπαθήσασα.
820 2995 940 3028 Voss.-

975 2392 1147 2438 ἪΕλθεῑν,
1173 2391 1284 2452 ὄφρ’
1311 2393 1453 2429 ἐνθεν
1473 2390 1786 2449 θυμοφθόρα

982 2440 1181 2486 φάρμακ
1249 2440 1435 2496 ἐνείκῃ,
1473 2435 1542 2474 Ἐν
1583 2438 1630 2475 δὲ
1651 2436 1785 2495 βάλῃ
1826 2478 1828 2485 Ι

981 2489 1220 2532 κρητῆρι,
1269 2487 1350 2521 καὶ
1401 2483 1549 2530 ἡμέας
1596 2484 1787 2526 πάντας

982 2534 1157 2590 ὀλέσσῃ.
1183 2532 1230 2567 ibi
1255 2533 1307 2566 E:
1327 2552 1372 2557 -—
1391 2532 1440 2572 ὡς
1465 2531 1550 2577 ἐνῆν
1573 2533 1628 2577 τῷ
1650 2532 1788 2586 ποιητῇ
1823 2543 1833 2571 ·,

979 2579 1222 2621 πλάσασθαι,
1256 2579 1322 2615 τὸν
1324 2578 1562 2636 Τηλέμαχον
1594 2579 1633 2614 ἐκ
1658 2577 1789 2613 Πύλου
1824 2585 1834 2603 ¹2

981 2629 1116 2683 λαβεῖν
1130 2641 1175 2661 τα
1200 2625 1294 2667 πρὸς
1318 2624 1484 2668 ἄμυναν,
1509 2624 1534 2671 ἢ
1559 2624 1633 2662 απὸ
1656 2624 1788 2668 Σπάρ-
1824 2632 1827 2634 “

981 2686 1069 2717 της,
1094 2670 1116 2718 ἢ
1139 2672 1201 2708 καὶ
1225 2671 1299 2707 ἀπὸ
1325 2669 1506 2715 Ἐφύρης,
1527 2673 1594 2717 τῆς
1616 2676 1790 2715 προιστο-
1822 2714 1826 2721 ¹

981 2722 1182 2776 ρηθείσης,
1221 2720 1287 2761 τῆς
1313 2718 1375 2753 δια
1399 2720 1571 2763 ΝΙήδειαν
1594 2721 1786 2760 πολυφαρ
1821 2748 1825 2768 .·

979 2765 1114 2810 μάκου,
1139 2779 1188 2805 ως
1211 2765 1348 2807 ἱστορεῖ
1358 2762 1656 2806 Ἀπολλόδωρος
1640 2777 1663 2799 ο
1683 2761 1824 2808 Ἆθψ.

981 2816 1098 2854 ναῖος.
1121 2813 1263 2846 fuerunt
1287 2818 1420 2853 tamen,
1452 2811 1511 2857 qui
1537 2811 1648 2845 Elidis
1670 2812 1788 2844 urbem
1820 2821 1833 2846 ι’

983 2860 1216 2914 cognominem
1241 2858 1311 2892 dici
1335 2862 1508 2904 putarent.
1530 2869 1565 2893 ν.
1588 2857 1624 2890 Ν
1648 2862 1684 2890 et
1707 2868 1787 2891 ann.
1819 2848 1839 2894 2'

984 2904 1027 2939 ad
1053 2905 1091 2938 ΙΙ.
1117 2903 1160 2945 λ’,
1184 2906 1263 2939 740.
1818 2905 1830 2931 ¹¹

1030 2930 1224 2986 260-264.
1272 2949 1352 2984 καὶ
1385 2951 1534 2990 κεῖσε,
1567 2949 1673 2982 ettam
1697 2946 1822 2988 illuc,¹
1819 2963 1823 2990 i

986 2997 1186 3043 Ephyram,
1222 2997 1400 3042 profectus
1430 2999 1506 3030 erat
1538 2994 1703 3039 myssa,
1729 3005 1790 3028 ve·
1817 3011 1821 3033 ι
