1846 3282
207 485 382 549 στῆσαν.

255 730 429 781 „Seiva-0
461 727 514 783 δή
543 742 633 770 τινε
661 725 794 778 τώδε,

121 983 175 1021 30

11 1451 13 1455 ,
81 1408 139 1449 22,
162 1407 219 1460 23.
268 1409 339 1442 Am.
364 1408 406 1464 Β.
432 1407 555 1448 etQ.-
579 1408 751 1451 κρείων
775 1404 842 1444 Ἐ-

35 1451 252 1493 τεωνεύς-
302 1451 321 1488 ὁ
362 1452 549 1498 υπερέχων
581 1455 619 1489 ἐν
649 1454 842 1496 θεράπου

35 1511 83 1534 σι.
106 1500 161 1544 (²²)
186 1497 361 1534 τοιοῦτόν
382 1499 457 1535 ἐστι
487 1500 547 1535 καὶ
572 1498 613 1536 τὸ
641 1499 699 1536 ἐπὶ
725 1500 842 1544 συβιύ-

33 1559 102 1582 του
129 1543 188 1590 (ξ’,
212 1547 269 1586 22,
297 1547 360 1580 122
385 1547 493 1589 etc.)‚
518 1544 754 1603 συψβοότης
765 1547 841 1591 ὄρ-

35 1604 186 1645 χαμος
211 1589 411 1648 ἄνδρων.
450 1592 654 1649 Φερεκύδης
679 1592 718 1628 δὲ
744 1593 841 1630 ἱστο-

33 1642 89 1682 ρεῑ
108 1634 244 1677 ου’τως·
264 1634 419 1680 Ἀργεῖος
437 1636 497 1679 δὲ,
524 1636 543 1673 6
568 1639 792 1683 Πέλοπος,7
782 1640 841 1684 ε’ρ-

27 1697 133 1730 ,χεται
147 1681 239 1727 παρ’
252 1682 430 1727 Ἀμύκλαν
448 1686 500 1724 εἰς
512 1682 698 1728 Ἀμύκλας,
723 1699 754 1720 κ.
774 1700 838 1731 γα-

32 1735 95 1776 μεῖ
107 1731 261 1774 Ἀμύκλα
277 1730 466 1774 θυγατέρα
478 1729 747 1776 Ηγησοὶνδραν.
771 1734 837 1775 (ita

34 1779 161 1812 Buttm.
201 1788 377 1832 perperam
409 1778 508 1811 libri:
548 1777 720 1821 Ἀμύκλαν
748 1781 836 1823 θυγ.

29 1821 214 1882 ιΙ-Ῑγ-ας..)
236 1824 304 1858 τοῦ
326 1821 365 1858 δε
384 1821 566 1867 γράφεται
584 1827 781 1867 Γελανίων,
805 1839 836 1860 κ.

0 1867 1 1876 ’
31 1869 274 1913 Ἠλεκτρύων,
299 1882 330 1903 κ
351 1869 521 1914 Βοηθὸς,
546 1872 680 1914 (recte,
704 1873 837 1916 opinor,

35 1917 182 1951 But-lma
218 1915 406 1959 Βοηθόος,
442 1929 484 1950 ex
521 1929 586 1962 quo
621 1919 757 1952 ductum
791 1919 838 1953 sit

35 1962 299 2018 patronymicum
338 1965 586 2018 Βοηθοίδης.)
623 1963 660 1998 ἐκ
699 1963 838 2000 τούτου

34 2007 102 2052 (δὲ
131 2009 284 2052 Buttm)
315 2006 521 2050 Ἐτεωνεύς.
569 2010 742 2067 συγγενὴς
769 2025 838 2046 ουν

34 2054 226 2090 Μενελάου
246 2053 319 2089 ’.Ετ
332 2080 342 2097 ,
375 2070 405 2090 κ
423 2055 601 2100 θεράπων
622 2055 762 2100 αὐτοῦ,
781 2056 838 2113 νώς

29 2099 205 2145 Ἀχιλλέως
223 2099 448 2158 Πάτροκλος.
479 2104 648 2145 κρείων
674 2103 746 2139 δὲ’
733 2119 751 2138 ο
774 2103 838 2139 ἅλ-

31 2151 104 2183 λων
127 2147 217 2191 (imo
239 2144 365 2188 ἄλλως
375 2151 391 2192 )
416 2147 483 2193 μὲν
505 2150 694 2206 βασιλεύς
721 2154 836 2186 Meva-

32 2193 126 2229 λάου
154 2192 193 2228 δὲ
222 2193 403 2236 δεύτερος.
435 2215 480 2221 -—
514 2194 724 2239 ὀτρηρὸς
756 2200 836 2232 θε-

32 2239 207 2295 ροὶπων.
232 2242 290 2279 38,
316 2240 363 2282 α’,
384 2244 463 2284 109,
487 2243 524 2276 ΙΙ.
544 2241 590 2284 α’,
611 2245 690 2278 321.
727 2244 833 2278 Sch.=

32 2289 129 2329 θερ.
161 2283 346 2343 ὑπηρέτης
375 2291 498 2331 φίλος,
527 2288 546 2323 6
576 2290 660 2333 περὶ
680 2288 748 2344 τὴν
769 2293 834 2326 θε-

33 2334 188 2376 ραπείαν
227 2331 414 2383 ὑπάρχων.
470 2338 554 2391 Ap.
593 2334 835 2379 θεράποντες.

34 2390 103 2422 ονχ
133 2378 169 2412 οὶ
196 2379 343 2421 δοῦλοι,
372 2379 463 2416 ἀλλὰ
490 2395 632 2422 παντας
655 2382 744 2423 τοὺς
768 2386 836 2418 θε-

33 2426 258 2467 ραπευτικῶς
287 2425 436 2470 ἔχοντας
467 2425 586 2469 ου’τως
618 2433 739 2471 καλεῖ,
774 2429 835 2464 καὶ

34 2469 103 2506 τὸν
123 2469 162 2506 ἐν
178 2473 221 2528 τῇ
238 2472 390 2519 δευτέρᾳ
407 2472 508 2516 ταξει
525 2476 655 2518 φίλον,
684 2473 733 2515 ὠς
755 2475 836 2511 Hof-

32 2520 182 2560 τροκλος
209 2511 386 2561 Ἀχιλλέος.
423 2521 491 2563 (11.
515 2520 564 2564 π’,
583 2522 649 2556 165
671 2527 705 2555 et
724 2522 834 2566 244.)

32 2563 145 2609 Etym.
159 2587 168 2604 ,
194 2569 309 2598 cetera
336 2577 409 2600 cum
438 2569 503 2611 Ap.
530 2569 573 2624 ⁸‚d
591 2569 733 2602 verbum
753 2581 835 2603 con-

30 2610 197 2644 sentiens·
229 2609 475 2654 θεράποντας.
513 2611 600 2658 οὐχ,
622 2612 758 2668 ω’σπερ
797 2613 835 2650 οἱ

29 2654 220 2698 νεώτεροι,
253 2656 429 2699 δούλους,
465 2655 556 2694 αλλὰ
580 2658 722 2701 πάντας
747 2661 835 2701 τούς

28 2704 305 2746 θεραπευτικῶς
328 2702 496 2748 ἔχοντας,
523 2719 572 2746 ως
595 2707 661 2750 (1.1
681 2706 724 2751 τ’,
747 2709 801 2743 78.
815 2709 832 2751 )

31 2749 237 2790 Δαναοὶ,
262 2749 561 2793 θεράποντες
574 2734 746 2798 Ἄρηος.
785 2755 831 2787 cf.

28 2794 76 2830 N.
109 2814 154 2821 -
190 2797 545 2840 ποιμένιλαοῖν.
571 2800 604 2835 h.
624 2812 653 2835 e.
670 2800 759 2845 regi.
796 2812 830 2836 v.

25 2838 69 2886 γ’,
88 2842 153 2876 156
172 2848 239 2876 etc.

67 2910 170 2944 27—
182 2912 238 2946 29.
286 2912 356 2945 Am.
380 2911 444 2951 Q.:
470 2912 691 2958 ξείνωδή
715 2929 828 2952 τινε.

27 2953 129 3001 μόνῳ
147 2958 199 3002 τῷ
216 2956 395 3015 Μενελάῳ
413 2958 493 3000 περὶ
515 2958 629 3002 ξένων
650 2928 770 3007 εῚίῚσαγγ
775 2963 829 2998 ε’λ-

27 3002 124 3037 λεται
147 2992 211 3039 διὰ
231 3003 274 3040 τὸ
304 3002 518 3050 ἠδικῆσθαι.
568 3007 643 3048 „cll
680 3009 761 3043 Sch.
793 3015 828 3043 et

520 139 1104 183 ΟΔΤΣΣΕΙΑΣ
1159 141 1212 179 Δ.

203 1204 346 1247 ἄλλων
377 1201 632 1258 ἀνθρώπων
663 1203 786 1255 δεῦρ’
818 1201 1008 1274 ἱκόμεθ’,

119 1264 174 1307 35
204 1261 389 1314 ἐξοπίσω
419 1276 498 1315 περ
529 1259 676 1316 παύσῃ
708 1258 865 1314 ὀϊζύος.

1615 141 1697 181 109

207 254 459 339 φορμίζων·
491 250 599 296 δοιὼ
629 250 675 295 δὲ
704 251 988 306 κυβιστητῆρε
1016 247 1113 292 κατ’
1145 246 1323 302 αὐτούς,

206 314 373 366 μολπῆς
406 308 686 370 εξοὲρχοντος,
718 308 916 351 ἐδίνευον
946 305 1057 348 κατὰ
1086 304 1260 359 μέσσον.
1276 310 1289 359 ]

125 375 178 414 20
208 384 267 410 τω
299 367 343 410 δ’
376 365 474 409 αὕτ’
507 368 553 409 ἐν
582 365 850 419 προθύροισι
880 361 1029 417 δόμων
1061 360 1180 404 αύτῶ
1210 378 1254 404 τε
1285 361 1359 404 καὶ
1388 363 1518 414 ἵππω,

211 423 464 493 Τηλέμαχός
482 422 534 466 θ’
564 421 682 477 ἥρως
713 421 789 464 καὶ
816 420 1042 472 Νέστορος
1068 418 1242 491 ἀγλαὸς
1272 418 1383 470 υἱὸς,

442 478 465 522 ὁ
498 479 543 523 δὲ
572 475 810 532 προμολών
836 478 955 520 ἴδετο
983 477 1143 529 κρείων
1167 473 1413 529 Ἐτεωνεύς,

206 536 390 591 ὀτρηρὸς
417 535 628 606 θεράπων
658 532 892 577 Μενελάου
924 534 1199 587 κυδαλίμοιο,

204 597 260 662 βῆ
290 593 336 636 δ’
367 595 466 648 ι’μεν
495 591 707 646 ἀγγελέων
739 590 810 633 διὰ
840 589 1019 644 δώματα
1048 589 1225 643 ποιμένι
1254 591 1390 642 λαῶν,

121 653 174 694 25
204 649 339 705 ἀγχοῦ
369 649 413 693 δ’
443 649 671 704 ἱστάμενος
700 647 804 690 ε’πεα
833 648 1068 700 πτερόεντα
1097 643 1351 701 προσηύδα·

830 724 1056 779 διοτρεφὲς
1087 720 1121 767 οό
1153 723 1365 775 Μενέλαε,
1391 738 1395 746 ’

207 785 340 838 ἄνδρε
371 784 482 834 δύω,
514 800 640 839 γενεη
672 784 717 826 δὲ
746 759 857 833 Δίὁς
887 783 1094 851 μεγάλοιο
1127 782 1280 824 ἒϊκτον

207 841 302 885 ἀλλ’
335 839 422 884 εἶ”π
425 874 436 893 ,
469 842 509 883 εἴ
536 849 681 894 σφωϊν
712 838 1016 892 καταλύσομεν)
1047 837 1185 888 ωκέας
1215 839 1390 888 ἵππους,

204 898 233 955 ἢ
261 898 395 942 α’λλον
423 898 655 953 πέμπωμεν
685 896 911 952 ἱκανέμεν,
944 895 991 947 ὅς
1022 911 1068 939 κε
1098 895 1313 951 φιλήσῃᾞ

225 976 355 1020 Τὸν
385 976 431 1020 δὲ
458 974 551 1031 μέγ’
585 974 778 1035 ὀχθήσας
808 974 1009 1030 προσέφη
1040 974 1200 1025 ξανθὸς
1230 973 1482 1022 Μενέλαος·

203 1067 227 1086 ,,
242 1050 295 1077 ου
326 1033 404 1087 μὲν
433 1032 591 1087 νήπιος
620 1036 758 1088 ἦσθα,
793 1034 1020 1101 Βοηθοίδη
1044 1032 1263 1082 Ἐτεωνεῦ,

203 1091 254 1133 τὸ
289 1092 416 1143 πρίν·
450 1089 557 1158 ἀτοὶρ
589 1090 667 1142 μὲν
696 1095 781 1133 νῦν
809 1106 879 1144 γε,
910 1088 1013 1138 παις
1044 1087 1122 1140 ὡς,
1153 1104 1288 1145 νηπια
1317 1086 1476 1144 βάζεις.

177 1149 231 1202 *ἡ
262 1147 340 1201 μὲν
370 1145 422 1200 δή
453 1151 538 1189 ‘voit'
566 1145 731 1201 ξεινήϊα
759 1146 897 1189 πολλὰ
927 1162 1120 1200 φαγοντε

1042 1204 1090 1245 αἴ
1117 1203 1164 1246 κε’
1195 1206 1306 1245 ποθι
1337 1200 1449 1251 Ζεῦς

926 1258 1036 1303 ἄλλα
1066 1258 1139 1303 λύ’
1170 1261 1332 1310 ἵππους

887 1409 1013 1450 Barn„
1040 1409 1098 1442 ubi
1117 1408 1188 1442 sic·
1213 1427 1258 1433 —-
1284 1405 1349 1443 διαὶ
1365 1403 1407 1442 τό
1429 1402 1701 1450 βεβουλεῦσθαι

888 1435 1292 1511 (προβεβουλεῦσθαι,
1330 1451 1679 1503 ἐπιβεβουλεῦσθαι
1683 1451 1700 1492 )

886 1499 960 1537 υπὸ
993 1502 1135 1544 ξένουῶ
1125 1505 1149 1521 “
1185 1502 1317 1535 Buttm.
1372 1504 1516 1544 propter
1562 1495 1701 1530 Paridis

887 1549 1043 1581 fraudem
1072 1547 1242 1592 hospites,
1275 1552 1310 1580 et
1341 1546 1436 1590 ipsos
1465 1543 1702 1578 adolescentes

887 1594 1002 1627 divina
1027 1594 1143 1637 specie
1167 1593 1365 1637 praeditOS,
1401 1589 1553 1625 nuntiari
1577 1593 1702 1642 putant

887 1639 1056 1675 Menelao.
1105 1645 1139 1672 et
1163 1638 1239 1672 fieri
1262 1638 1399 1683 quidem
1426 1641 1562 1682 potest,
1587 1639 1625 1667 ut
1649 1633 1701 1667 ita

885 1684 1103 1730 prospexerit
1127 1685 1260 1719 domino
1285 1684 1440 1718 minister
1465 1682 1597 1721 fidelis3
1642 1692 1700 1714 ce-

884 1741 993 1765 terum
1019 1732 1153 1775 injussu
1177 1731 1213 1764 id
1249 1743 1324 1764 eum
1358 1731 1497 1772 facere,
1533 1738 1576 1761 ex
1607 1725 1699 1760 irato

885 1778 1036 1811 Menelai
1061 1789 1224 1821 responso
1256 1776 1443 1820 intelligas.
1477 1793 1522 1801 —-
1553 1771 1700 1813 τώδε,

884 1825 939 1858 hic
960 1831 1050 1860 sunt.
1083 1824 1162 1864 138,
1189 1822 1318 1866 (1276,
1346 1824 1412 1858 185
1438 1826 1503 1856 etc.
1538 1821 1611 1853 Am.
1636 1819 1698 1852 Β.

884 1869 926 1905 τό
951 1869 1071 1905 τώδε
1096 1869 1279 1904 δεικτικόν
1305 1870 1401 1911 ἐστι,
1434 1882 1465 1902 κ.
1498 1868 1608 1911 δηλοῖ
1629 1863 1698 1910 τήν

884 1915 1062 1961 ἐγγύτητα
1083 1916 1218 1951 αὐτῶν,
1245 1919 1387 1950 -Αια
1402 1915 1462 1948 Ea
1488 1912 1592 1948 -τὸ
1619 1926 1698 1956 φι-

885 1967 903 1998 λ
918 1963 939 2007 ή
955 1975 1005 2008 σῃ
1031 1963 1090 1998 ἐπὶ
1112 1965 1179 1998 τοῦ
1205 1964 1357 2006 ξειίζειν
1379 1961 1559 1997 ἐνταῦθα.
1585 1961 1695 2005 (Apa

886 2009 1035 2054 φιλέειν.
1085 2007 1143 2045 ε’πι
1172 2009 1238 2053 μὲν
1265 2011 1335 2044 τοῦ
1365 2009 1533 2052 ξενίζειν·
1569 2006 1696 2065 μῆνα

885 2055 932 2091 δε
967 2055 1126 2092 πάντα
1161 2059 1294 2113 φίλει
1325 2068 1391 2098 με.
1425 2053 1496 2098 [κ’,
1522 2054 1596 2097 14.]
1634 2051 1696 2088 ἐπὶ

885 2102 925 2138 δε
945 2104 1011 2137 τοῦ
1033 2101 1200 2148 ἀγαπᾶν·
1224 2101 1255 2158 ἢ
1272 2102 1456 2146 μοῦνοι
1481 2097 1694 2143 φιλέουσ’

884 2146 1116 2192 οἷλόχουςς
1145 2149 1202 2192 [Il.
1231 2147 1267 2190 ι’,
1292 2149 1374 2184 340.
1401 2149 1530 2193 Οά)55.
1556 2145 1599 2187 ο’,
1622 2147 1694 2188 74„

882 2203 1026 2229 notante
1058 2196 1210 2229 Villois:
1249 2195 1317 2239 χρή
1353 2196 1476 2238 ξεῖνον
1504 2192 1696 2238 παρεόντα

883 2245 1015 2283 φιλεῖν,
1038 2241 1216 2277 ἐθέλοντα
1236 2241 1275 2277 δὲ
1295 2241 1478 2285 πέμπειν]
1503 2242 1619 2277 λείπει
1638 2241 1694 2284 (2)

881 2287 904 2334 ἡ
931 2290 1060 2330 εἰς,“
1042 2288 1098 2323 ιν’
1120 2302 1142 2334 η
1169 2290 1236 2329 εἰς
1262 2285 1421 2324 ἄλλον.

926 2358 1090 2392 31--36-
1141 2360 1213 2392 Αιο.
1237 2358 1300 2391 Ε.
1328 2355 1605 2405 Βοηθοΐδη,
1629 2354 1694 2389 καὶ

882 2403 975 2438 κατὰ
995 2405 1203 2447 συναίρεσιν
1220 2407 1383 2448 Βοηθο
1398 2405 1484 2448 ίδη.
1502 2421 1547 2427 —-
1567 2405 1589 2448 ή
1612 2400 1694 2446 μὲν

881 2448 939 2494 δὴ
966 2456 1032 2484 etc.
1084 2452 1154 2485 Am.
1190 2451 1255 2491 Q.:
1293 2450 1335 2486 τὸ
1369 2450 1451 2508 εξῆς
1485 2459 1624 2490 ουτως·
1659 2449 1697 2484 εἰ

881 2509 948 2540 μεν
980 2496 1026 2540 δὴ
1057 2494 1160 2553 ἡμεῖς
1191 2498 1337 2531 πολλῶν
1372 2496 1528 2551 αγαθῶν
1558 2495 1694 2540 ἐμπλη-

882 2542 1033 2584 σθέντες
1061 2557 1163 2587 παρα
1196 2541 1422 2579 ἀλλοδαπῶν
1461 2540 1608 2585 ἀνδρων
1636 2541 1692 2577 ἐν-

880 2589 1010 2625 ταῦθα
1035 2588 1339 2647 παρεγενόμεθα,
1371 2589 1569 2634 ὀφείλομεν
1597 2587 1692 2623 ποίν-

880 2649 952 2675 τως
989 2639 1067 2677 τοῒς
1105 2637 1142 2680 ξέ
1127 2651 1221 2692 νοις
1253 2635 1392 2681 ὁμοίως
1416 2639 1551 2671 ποιεῖν.
1599 2633 1691 2671 ἀλλὰ

879 2685 1026 2719 θᾶττον
1046 2682 1109 2719 λύε
1127 2683 1215 2724 τούς
1232 2684 1380 2722 ἵππους,
1400 2679 1543 2723 αὐτους
1559 2677 1596 2737 δ’
1617 2683 1690 2718 εἰσ-

879 2742 992 2774 αγαγε
1021 2728 1277 2784 εὐωχηθῆναι,
1300 2727 1403 2769 ὅπως
1421 2728 1483 2764 δια
1508 2727 1645 2764 τούτου
1667 2725 1687 2764 6

883 2777 975 2816 Ζεύς
998 2777 1064 2818 τῆς
1085 2775 1286 2821 μελλούσης
1303 2777 1563 2832 ταλαιπωρίας
1591 2772 1691 2819 ἡμᾶς

877 2822 1160 2867 ἐκλυτρώσηται,
1184 2824 1243 2858 καὶ
1262 2819 1312 2866 μή
1330 2825 1409 2862 τοῖς
1426 2821 1688 2867 παρεληλυθό-

877 2881 936 2904 σιν
963 2870 1024 2904 ισα
1045 2873 1184 2904 παθεῖν
1211 2868 1488 2914 συγχωρήσειεν.
1512 2888 1559 2894 -
1595 2882 1687 2911 φα·-

875 2915 1050 2959 γόντες
1086 2917 1119 2949 in
1152 2918 1220 2950 fine
1250 2926 1373 2949 versus
1404 2916 1500 2950 malit
1532 2916 1684 2949 Bekker.

875 2973 1020 2995 censura
1055 2962 1196 2996 Homeri
1226 2962 1333 2996 Wolf.
1359 2973 1432 2996 nro.
1455 2962 1534 2996 245.
1561 2962 1683 3006 piacet.

874 3008 1053 3052 scripsisse
1072 3008 1234 3043 videntur
1254 3006 1418 3055 φαγόντε
1433 3013 1579 3055 propter
1593 3009 1682 3043 νῶϊ.-
