1856 3282
539 108 1234 150 ΟΔΤΣΣΕΙΑΣΑ.
1681 110 1733 150 13

145 224 199 268 25
232 219 422 264 ἀντιόων
450 215 629 273 ταύρων
656 233 702 261 τε
736 218 812 261 καὶ
841 215 1033 272 ἆρνειῶν
1063 216 1317 274 ἑκατόμβης.

228 276 329 321 ἔνθ’
359 275 434 332 ὅγε
464 275 642 328 τέρπετο
673 274 787 318 δαιτὶ
817 273 1097 330 παρήμενος·
1131 277 1176 318 οἷ
1204 272 1336 332 δὲαδὴ
1367 273 1493 318 ἄλλοι

233 332 373 390 Ζηνὸς
403 332 465 376 ένὶ
495 331 752 389 μεγάροισιν
777 329 1022 386 Ὀλυμπίου
1052 330 1218 386 ἀθρόοι
1246 333 1374 387 ἦσαν.

228 396 344 434 τοῖσι
374 389 421 433 δὲ
448 387 612 444 μύθων
639 390 744 444 ἦρχε
771 387 916 444 πατὴρ
951 387 1129 441 ἀνδρῶν
1158 405 1202 431 τε
1231 392 1354 431 θεῶν
1381 403 1448 431 τε·

232 446 430 502 μνήσατο
459 444 545 500 γάρ
575 444 687 488 κατὰ
715 444 868 500 θυμὸν
899 444 1129 500 ἀμύμονος
1173 446 1413 500 Αἰγίσθοιο,

146 510 200 549 30
231 503 308 547 τόν
338 501 380 556 ῥ’
409 501 778 558 Ἀγαμεμνονίδης
807 502 1067 557 τηλεκλυτὸς
1096 500 1245 545 ἔκταν’
1274 501 1486 557 Ὀρέστης.

232 564 313 605 τοῦ
344 558 414 615 ὅγ’
446 558 730 618 ἐπιμνησθεὶς
761 558 854 601 ἔπε’
885 557 1150 602 ἀθανάτοισι
1179 557 1395 614 μετηύδα·

283 611 370 670 „³52
400 615 560 667 πόποι,
592 618 692 658 οἱον
722 614 775 671 δή
805 632 862 658 νυ
894 616 1031 667 θεοὺς
1059 616 1215 672 βροτοὶ
1246 614 1523 658 αἰτιόωνται]

235 673 278 725 ἐξ
308 672 456 730 ἡμέων
485 672 568 728 γάρ
598 683 709 725 φασι
737 670 842 716 κάκ’
875 672 1074 728 ἔμμεναι·
1106 675 1151 715 οἱ
1180 672 1227 716 δὲ
1255 672 1329 715 καὶ
1360 671 1488 715 αὐτοὶ

235 735 406 788 σφῇσιν
438 727 755 785 ἀτασθαλίῃσιν
783 727 1039 785 ὑπέρμορον
1069 727 1191 784 ἄλγε’
1227 729 1418 784 ἔχουσιν.

150 791 204 834 35
236 786 296 838 ὥς
325 787 400 831 καὶ
429 790 515 829 νῦν
542 787 759 841 Αἴγισθος
787 784 1047 841 ὑπέρμορον
1071 785 1299 840 Ἀτρείδαο

232 842 338 900 γῆμ’
367 843 526 899 ἄλοχον
556 842 769 900 μνηστὴν,
798 842 878 886 τὸν
905 843 951 887 δ’
981 844 1134 887 ἔκτανε
1163 842 1457 898 νοστήσαντα,

235 901 362 952 εἰδώς
392 899 526 956 αἰπὺν
554 899 765 954 ὄλεθρον,
797 900 888 943 ἐπεὶ
915 899 1002 955 πρό
1035 902 1078 944 οἱ
1108 902 1287 954 εἴπομεν
1317 898 1455 956 ἡμεῖς,

226 956 430 1014 Ἑρμείαν
459 956 726 1012 πέμψαντες,
757 954 980 1001 ἐΰσκοπον
1007 956 1334 1014 Ἀργειφόντην,

65 1096 210 1135 ίονος.
229 1095 261 1129 8.
285 1113 329 1118 -·
357 1091 587 1138 οἷρνειῶν.
611 1095 651 1129 11.
667 1095 710 1140 γ’,
729 1097 805 1131 197.
831 1115 877 1122 ——

0 1170 1 1176 ,
63 1138 350 1186 ἑκατόμβης.
376 1142 415 1175 Il.
439 1140 485 1184 α’,
509 1143 565 1176 65.
594 1147 662 1176 etc.
686 1162 732 1167 -—-
757 1140 877 1186 ἀμύ-

66 1200 225 1232 μονος.
256 1187 307 1221 E:
333 1208 379 1212 —
395 1185 573 1232 ἀμύμονα
593 1188 685 1232 γοῦν
703 1186 879 1232 ὀνομάζει

66 1235 137 1270 νῦν
157 1233 222 1269 τὸν
249 1231 465 1269 ἀτάσθαλον
486 1235 666 1279 Αἴγισθον
690 1232 709 1271 ὁ
728 1234 879 1280 Ὁμηρι-

67 1281 132 1322 κὸς
165 1279 273 1322 Ζεύς,
315 1279 383 1316 οὐκ
409 1280 448 1316 ἐκ
477 1282 552 1316 τῶν
580 1280 723 1316 ἐκείνου
754 1284 879 1318 κακῶν

69 1326 192 1374 λαβών
219 1326 261 1362 τό
291 1326 485 1369 ἐπίθετον,
520 1325 601 1362 ἀλλ’
625 1325 698 1372 ἀφ’
721 1323 792 1371 ὧν,
829 1326 879 1368 ὦς

71 1374 188 1414 εἰκὸς,
220 1371 291 1417 εἶχε
312 1376 448 1408 καλῶν.
497 1372 568 1417 εἶχε
596 1373 637 1408 δὲ
663 1370 704 1409 vd
728 1374 883 1418 εὐγενὲς,

69 1419 113 1455 τό
143 1418 304 1460 εὐειδὲς,
339 1418 382 1454 τό
413 1420 577 1455 συνετόν.
624 1421 753 1464 gaudet
784 1422 882 1457 Hom.

71 1466 251 1512 epithetis,
275 1477 365 1509 quae
385 1478 452 1500 non
473 1477 609 1509 semper
629 1467 672 1499 ad
689 1468 806 1500 vivum
826 1479 884 1500 re-

71 1512 220 1547 secanda
247 1516 338 1544 sunt.
384 1513 435 1545 sic
462 1513 501 1544 ΙΙ.
522 1512 567 1548 δ’,
590 1512 646 1545 88.
676 1512 882 1554 Pandarum,

70 1558 130 1604 qui
168 1562 289 1602 postea
325 1557 506 1590 vulnerato
544 1557 701 1591 Menelao
738 1558 884 1592 violavit

71 1603 212 1643 foedus,
246 1608 359 1637 tamen
388 1612 494 1637 vocat
520 1601 708 1638 ἀντίθεον.
757 1605 802 1638 cf.
831 1605 884 1638 in·

70 1651 179 1685 serius
195 1651 251 1685 70.
275 1668 318 1675 -
344 1649 387 1683 de
411 1649 498 1691 diis,
523 1662 667 1694 quorum
685 1650 883 1685 interventu

71 1703 176 1741 atque
216 1695 424 1729 auctoritate
452 1708 508 1729 res
537 1696 614 1740 geri
649 1696 762 1730 solent
791 1697 884 1742 apud

71 1743 278 1784 Homerum,
317 1741 368 1774 ita
403 1742 581 1783 existimo,
623 1743 800 1786 perculsos
832 1743 884 1777 vi-

73 1788 168 1823 ribus
216 1787 414 1832 ingentibus
456 1788 699 1834 miraculisque
740 1797 886 1823 naturae

74 1836 230 1868 Graecos
257 1833 533 1878 antiquissimos,
575 1846 650 1869 cum
679 1847 801 1870 causas
828 1848 885 1870 re-

74 1892 147 1915 rum
167 1879 386 1914 maximarum
402 1892 442 1914 ac
458 1881 759 1926 pulcherrimarum
780 1894 887 1927 quae-

75 1931 214 1968 rerent,
255 1926 356 1960 facile
396 1927 563 1961 adductos
603 1939 699 1967 esse.
742 1933 781 1962 ut
820 1929 888 1963 ista

75 1983 320 2019 quaecunque,
346 1973 468 2018 quibus
487 1979 555 2007 tam
573 1974 754 2018 praeclara
769 1975 888 2009 effice-

76 2023 213 2059 rentur,
234 2019 403 2053 humanae
427 2020 612 2064 potestatis
633 2020 765 2054 modum
784 2033 889 2066 supe-

73 2076 152 2099 rare
183 2064 374 2100 crederent.
423 2078 512 2111 quae
536 2072 702 2100 vocarunt
721 2067 889 2101 communi

74 2110 208 2145 nomine
245 2111 385 2153 divina3
430 2124 574 2157 cumque
615 2113 722 2146 multa
760 2118 888 2155 essent,

75 2168 163 2202 quae
188 2159 371 2201 conjuncta
393 2158 617 2200 viderentur,
643 2159 741 2193 velut
758 2161 888 2195 coelum

74 2214 149 2237 cum
174 2207 290 2245 terra,
325 2204 430 2238 nubes
457 2216 530 2239 cum
548 2205 708 2248 fulmine,
743 2207 888 2250 conjun-

23 2291 27 2297 .
75 2248 221 2283 ctionem
250 2250 341 2284 illam
367 2251 525 2294 cogitare
554 2255 742 2296 coeperunt
770 2254 889 2286 huma-

76 2294 168 2329 nitus
192 2297 449 2340 cognationem,
478 2303 512 2331 et
531 2297 622 2331 vires
642 2302 786 2332 naturae
809 2311 888 2344 per-

78 2352 202 2384 sonas,
226 2342 395 2377 hominum
422 2342 570 2384 similes,
599 2355 664 2377 non
688 2344 889 2389 belluarum,

77 2397 164 2431 quas
192 2399 255 2432 pro
282 2388 349 2422 diis
367 2389 497 2423 habere
517 2389 753 2424 sustinuerunt
772 2393 889 2436 Aegy-

78 2431 166 2477 ptii;
189 2433 248 2466 sed
277 2441 458 2479 praestans
482 2440 517 2470 et
543 2436 701 2482 corporis
727 2441 763 2470 et
787 2437 890 2471 animi

79 2477 216 2511 dotibus
241 2479 454 2515 Graecorum
480 2493 584 2527 gens,
619 2488 657 2516 ut
684 2484 790 2517 semel
815 2485 890 2518 ani-

78 2529 210 2557 mantes
230 2524 377 2560 finxerat
393 2528 488 2568 deos,
504 2528 539 2561 in
561 2534 634 2562 toto
653 2540 792 2563 numero
814 2531 891 2564 ani-

78 2569 241 2603 mantium
271 2581 338 2605 non
362 2572 560 2608 inveniebat
589 2575 750 2617 sormam,
788 2588 890 2620 quam

79 2615 310 2660 pulcritudine
349 2623 452 2664 atque
485 2621 656 2664 dignitate
699 2623 892 2657 anteferret

80 2662 266 2703 humanae3
309 2662 445 2708 itaque,
475 2667 623 2701 transitu
652 2667 769 2710 sacto,
801 2669 891 2704 sicut

79 2706 173 2749 dixi,
198 2719 218 2741 a
239 2709 452 2754 panthei'smo
476 2709 519 2746 ad
546 2714 827 2758 polythei'smum‚
854 2720 890 2749 et

81 2753 265 2799 Olympum
296 2767 414 2798 suum,
449 2762 485 2791 et
511 2762 637 2792 terram
666 2772 706 2794 ac
733 2772 826 2795 mare
855 2766 890 2795 et

79 2798 156 2834 loca
183 2800 295 2834 infera
320 2802 503 2847 complevit
521 2804 658 2839 deorum
677 2807 837 2850 gentibus
856 2813 892 2842 et

79 2844 236 2887 familiis,
264 2858 350 2893 quas
367 2860 440 2882 cum
461 2851 629 2893 reperisse
649 2852 835 2887 Homerum
855 2858 891 2888 et

77 2890 262 2926 Hesiodum
281 2893 368 2927 dicit
387 2895 586 2930 Herodotus
605 2898 638 2935 2.
655 2899 726 2941 53„
752 2900 829 2942 boc,
854 2900 891 2934 ni

78 2936 195 2980 fallor,
236 2938 430 2984 significat,
471 2953 538 2976 non
577 2954 653 2977 esse
690 2946 890 2989 antiquiora

77 2982 286 3020 Graecorum
311 2987 464 3035 scripta,
489 2988 524 3022 in
555 2988 677 3035 quibus
702 2991 889 3036 theogonia

923 1094 983 1128 illa
1002 1093 1199 1139 reperiatur
1216 1094 1375 1139 exposita
1395 1098 1431 1127 et
1447 1093 1482 1127 in
1497 1104 1553 1128 res
1572 1093 1741 1128 hominum

923 1141 1103 1175 translata.
1138 1152 1228 1185 quae
1243 1147 1355 1174 tamen
1375 1145 1497 1184 gentes
1515 1142 1658 1174 deorum
1674 1152 1740 1173 non

924 1187 1036 1222 omnia
1054 1186 1114 1220 illa
1134 1187 1470 1232 comprehendebant
1487 1187 1631 1228 scilicet,
1652 1198 1742 1232 quae

926 1233 1044 1268 divina
1060 1233 1266 1266 videbantur
1288 1233 1412 1278 priscis
1429 1233 1509 1275 illis,
1535 1235 1569 1269 h.
1581 1246 1612 1267 e.
1630 1245 1742 1278 quae-

924 1279 979 1313 vis
996 1279 1155 1313 immania
1172 1285 1232 1313 aut
1248 1279 1469 1320 miraculosa,
1500 1281 1562 1314 sed
1582 1280 1742 1314 revolve«

925 1326 1030 1360 batur
1068 1325 1213 1359 subinde
1247 1325 1416 1369 ingenium
1455 1327 1672 1360 Graecorum
1697 1327 1741 1359 ad

929 1372 1173 1417 panthe'ismum
1186 1397 1195 1413 ,
1222 1383 1298 1405 cum
1322 1372 1417 1405 velut
1437 1378 1619 1417 separatas
1639 1383 1742 1417 quas-

930 1419 1007 1450 dam
1030 1423 1066 1450 et
1085 1418 1249 1451 obscuras
1273 1429 1393 1452 causas
1417 1429 1530 1452 rerum
1555 1418 1646 1452 haud
1665 1418 1744 1452 vul-

929 1464 1063 1507 garium
1102 1463 1331 1508 investigaret
1349 1477 1358 1505 3
1407 1476 1597 1509 progressu
1629 1470 1744 1498 autem

929 1508 1094 1551 temporis
1119 1515 1154 1543 et
1179 1509 1423 1543 incrementum
1454 1511 1615 1556 capiente
1633 1511 1748 1556 philo-

929 1555 1070 1599 sophia,
1096 1566 1170 1588 cum
1193 1556 1325 1599 pudere
1346 1557 1522 1601 coepisset
1540 1558 1746 1598 fabularum,

930 1601 1088 1644 confugit
1108 1602 1151 1634 ad
1169 1602 1373 1646 allegorias,
1400 1603 1524 1648 quibus
1544 1604 1678 1638 illarum
1693 1604 1746 1638 in-

930 1648 1046 1692 eptiae
1081 1646 1291 1684 velarentur.
1341 1649 1401 1682 sed
1441 1650 1529 1684 haec
1566 1651 1745 1684 hactenus.

931 1694 976 1727 cs.
1001 1694 1220 1727 Nitzschium
1246 1695 1464 1740 praefatione
1491 1697 1746 1731 annotationum

931 1740 975 1773 ad
1005 1739 1197 1783 odysseam
1228 1747 1284 1781 et,
1325 1753 1410 1785 quos
1438 1742 1615 1785 laudavit,
1656 1744 1749 1777 Lan-

931 1798 1031 1831 geum
1056 1787 1225 1829 (Εἰηῖσίι.
1254 1788 1291 1821 in
1320 1789 1386 1821 das
1408 1788 1508 1823 Stud.
1530 1791 1594 1823 der
1611 1791 1747 1836 griech.

932 1833 1078 1876 Mythol.
1104 1845 1136 1878 p.
1157 1833 1242 1876 50.)
1267 1833 1443 1879 aliosque,
1468 1835 1593 1879 quibus
1621 1837 1750 1870 addere

932 1879 1016 1913 licet
1036 1883 1171 1923 poetam
1189 1880 1423 1925 philosophum
1442 1881 1644 1918 Schillerum
1672 1894 1751 1917 car-

934 1926 1022 1959 mine
1043 1927 1185 1970 egregio
1205 1927 1248 1960 de
1263 1927 1329 1960 diis
1338 1928 1578 1973 *Graecorum

979 1971 1129 2007 32—34.
1179 1973 1279 2009 Sch.:
1323 1974 1351 2007 ὠ
1385 1972 1544 2010 πόποι.
1589 1970 1622 2010 ὦ
1656 1975 1750 2019 (imo

932 2016 1028 2063 lah)
1053 2017 1189 2053 πᾶπαι.
1228 2018 1304 2054 ἔστι
1323 2018 1363 2055 δὲ
1381 2019 1570 2066 ἐπίῤῥημα
1589 2026 1751 2067 σχετλια-

934 2067 1032 2109 σμοῦ
1057 2065 1272 2111 δηλωτικόν.
1324 2079 1343 2100 ο
1372 2068 1444 2101 dii!
1479 2081 1511 2102 v.
1540 2070 1579 2103 Il.
1602 2068 1650 2111 α’,
1668 2069 1751 2104 245.

935 2117 1002 2146 etc.
1029 2132 1076 2136 —
1115 2112 1195 2148 καὶ
1223 2110 1388 2155 αὐτοὶ,
1427 2115 1535 2148 etiam
1568 2116 1652 2161 ipsi,
1694 2116 1751 2148 vel

933 2159 1013 2204 ipsi,
1031 2158 1097 2192 diis
1114 2159 1204 2193 haud
1222 2160 1525 2196 intercedentibus
1542 2181 1589 2188 —-
1607 2159 1751 2207 ὑπὲρ·

933 2218 959 2249 μ
973 2218 992 2240 ο
1007 2217 1090 2247 ρον
1109 2232 1118 2248 ,
1163 2203 1400 2249 ὑπερμόρως,
1444 2214 1588 2252 praeter
1616 2213 1751 2254 satum.

934 2250 1129 2294 ’ὑπέρμορα
1148 2252 1237 2286 dixit
1259 2253 1300 2287 Il.
1320 2252 1366 2297 β’,
1390 2256 1466 2290 155.
1479 2281 1489 2298 ,
1516 2256 1575 2290 ubi
1595 2256 1751 2291 scriben-

935 2299 1014 2332 dum
1032 2304 1084 2332 est
1101 2299 1136 2332 in
1155 2310 1233 2332 ann.
1254 2297 1469 2343 ὑπέρμορον
1486 2314 1551 2347 pro
1571 2298 1666 2347 ’ὑπὲρ
1683 2301 1752 2344 μό-

936 2358 1017 2389 ρον.
1064 2345 1244 2389 disputant
1284 2346 1319 2380 in
1355 2348 1562 2391 explicanda
1597 2350 1634 2383 vi
1674 2350 1751 2389 fati,

935 2403 1036 2436 quam
1073 2392 1167 2425 velut
1203 2403 1369 2436 superare
1396 2394 1555 2428 dicantur
1583 2396 1750 2437 homines,

935 2438 1043 2472 libero
1068 2437 1201 2471 scilicet
1228 2439 1372 2472 arbitrio
1394 2451 1480 2479 suo,
1506 2453 1579 2475 cum
1601 2442 1687 2476 alias
1709 2454 1753 2476 ea

937 2497 1031 2527 esse,
1056 2483 1292 2526 existimetur,
1321 2497 1411 2530 quae
1441 2487 1549 2532 effugi
1573 2499 1639 2521 non
1670 2501 1753 2534 pos—

935 2532 994 2564 sit.
1042 2542 1075 2564 v.
1097 2531 1136 2566 ΙΙ.
1155 2528 1194 2573 ζ’,
1213 2531 1408 2567 487-489.
1433 2545 1501 2567 non
1526 2539 1682 2568 nostrum
1700 2539 1753 2569 est

936 2581 1058 2612 tantas
1082 2589 1279 2621 componere
1303 2579 1401 2621 lites,
1427 2591 1490 2614 nec
1509 2579 1670 2616 miramur
1688 2583 1753 2616 ob-

935 2634 1039 2658 scure
1059 2623 1101 2658 de
1117 2623 1274 2658 obscuris
1295 2624 1463 2660 dicentes.

981 2671 1038 2705 38.
1086 2669 1314 2704 Massiliensis
1339 2672 1468 2712 editio,
1494 2672 1675 2708 Zenodoto
1697 2678 1753 2709 at-

936 2727 1003 2760 que
1033 2716 1267 2761 Aristophane
1305 2718 1524 2761 auctoribus,
1560 2724 1599 2754 ut
1633 2726 1754 2755 narrat

936 2762 1054 2796 Schol.
1104 2763 1227 2796 HarL:
1283 2762 1539 2807 πέμψαντε
1585 2768 1753 2811 ,Μαίης

937 2806 1200 2851 ἐρικυδέος
1233 2806 1418 2852 ἀγλαὸν
1448 2810 1576 2848 νὶόν.
1625 2825 1752 2859 perpe-

937 2866 1008 2888 ram
1034 2855 1175 2889 Schol.=
1211 2853 1420 2900 ἐρικυδέας,
1456 2871 1555 2903 quam
1584 2861 1750 2895 maculam

935 2901 1039 2935 facile
1058 2902 1141 2936 eluit
1157 2902 1394 2938 Buttmannus.
1442 2905 1502 2939 sed
1522 2905 1610 2940 idem
1630 2907 1750 2942 vitium

935 2947 1021 2981 vitio
1049 2955 1282 3003 commutans,
1307 2951 1382 2985 dum
1405 2951 1611 2987 claudicanti
1631 2953 1748 2988 versui

933 2994 1123 3029 succurrit:
1178 2997 1346 3041 Ερμείαν
1388 2997 1583 3044 πέμψαντε
1622 3001 1750 3046 Μαῖης
