1856 3282
118 136 172 173 Sl)

750 134 1152 180 ΟΜΗΡΟΥ

181 247 258 286 110
286 241 395 284 ἔνθα
425 241 473 285 δε
503 241 785 298 Πάτροκλος,
820 243 980 315 θεόφιν
1008 246 1184 300 μὴστωρ
1213 245 1474 299 ἀτάλαντος·

290 298 399 340 ἔνθα
429 296 471 341 δ’
504 299 603 355 ἐμὸς
632 301 759 354 φίλος
788 301 908 351 υἷός,
940 301 1028 356 ἅμα
1057 303 1265 371 κρατερὸς
1292 304 1367 346 καὶ
1396 303 1596 371 ἀμύμων,

284 353 354 396 ’An
347 356 558 422 τίλοχος,
572 355 671 410 πέρι
699 357 779 409 μὲν
807 359 945 400 θείειν
978 356 1129 412 ταχύς,
1162 355 1240 427 ἠδὲ
1269 361 1485 432 μαχητής·

288 409 396 453 ἄλλα
425 427 469 454 τε
501 409 628 454 πόλλ’
661 412 728 454 ἐπὶ
756 418 848 463 τοῖς
876 413 1080 467 πάθομεν
1112 413 1242 456 κακά·
1270 417 1336 465 τίς
1363 433 1438 460 κεν
1468 417 1611 462 ἐκεῖνα

286 467 430 510 πάντα
458 484 505 522 γε
534 469 779 523 μυθήσαιτο
810 474 1097 524 καταθυητων
1126 468 1396 523 ἀνθρώπων,

178 529 255 568 115
288 522 387 565 οὐδ’
420 525 457 566 εἰ
485 524 710 574 πεντάετές
741 541 789 580 γε
817 526 890 567 καὶ
921 525 1082 577 ἑξάετες
1115 528 1406 581 παραμίμνων

284 578 483 651 Ἑερέοις,
515 580 597 623 ὅσα
627 586 743 623 κεῖθι
773 580 922 624 πάθον
950 583 1064 624 κακά
1095 584 1184 625 δῖοι
1211 582 1393 637 Ἀχαιοί·

283 638 389 689 πρίν
418 653 491 679 κεν
522 637 717 692 ἀνιηθεὶς
747 638 828 693 σὴν
850 640 1037 690 πατρίδα
1062 644 1193 692 γαῖαν
1222 641 1350 682 ἰ’κοιο

281 694 439 735 siukau<
445 710 465 743 ς
494 695 575 747 γάρ
607 706 713 746 σφιν
742 695 853 737 κακὰ
885 693 1106 748 ῥάπτομεν
1136 693 1431 749 ἀμφιέποντες

291 752 540 818 παντοίοισι
570 750 757 793 δόλοισι·
791 751 916 806 μόγις
947 751 989 793 δ’
1021 752 1207 794 ἐτέλεσσε
1237 754 1456 806 Κρονίων.

176 811 256 849 120
286 804 388 848 ξ”νθ
421 804 542 855 οὔτις
571 807 672 848 ποτὲ
701 811 828 862 μῆτιν
854 807 1186 867 ὁμοιωθήμενοι
1217 807 1354 862 ἄντην

284 860 408 916 ἤθελ’
423 893 434 910 ,
465 862 555 904 ἐπεὶ
585 862 703 915 μαλα
733 862 895 905 πολλὸν
925 865 1046 905 ἐνίκα
1077 866 1188 914 δῖος
1195 863 1432 916 Ὀδυσσεύς

285 919 530 961 παντοίοισι
561 917 746 971 δόλοισι,
778 920 918 972 πατὴρ
950 919 1062 969 τεὸς,
1096 923 1131 962 εἰ
1162 919 1280 963 ε’τεόν
1309 937 1356 974 γε

286 977 433 1016 κείνου
464 975 643 1029 εκγονός
674 975 775 1018 ἐσσι.

838 979 965 1028 σε’βας
994 975 1043 1030 μ’
1073 976 1155 1030 ἔχει
1183 977 1468 1028 εἰσορόωντα·

286 1025 384 1098 ἦτοι
413 1030 494 1085 γὰρ
528 1034 665 1083 μῦθοί
694 1048 741 1088 γε
775 1032 981 1082 ἐοικότες,
1013 1031 1118 1075 οὐδὲ
1147 1049 1194 1075 κε
1225 1035 1358 1090 φαίης

178 1090 258 1132 125
289 1086 444 1157 ἄνδρα
459 1088 672 1139 νεώτερον
703 1090 785 1131 ὧδε
815 1089 989 1132 ἐοικότα
1018 1088 1316 1143 μυθησασθαι

291 1143 388 1185 ἔνθ’
420 1145 512 1198 ἦτοι
545 1146 640 1194 είως
669 1162 747 1199 μεν
777 1145 858 1199 ἐγώ
890 1146 963 1187 ναὶ
994 1147 1088 1196 δῖος
1116 1145 1354 1197 Οδυσσεύς

290 1198 391 1242 οὔτε
419 1199 522 1243 ποτ’
552 1202 615 1243 εἰν
644 1199 787 1258 ἀγορῇ
817 1200 902 1258 δίχ’
935 1201 1160 1258 ἐβάζομεν,
1192 1201 1291 1246 οὔτ’
1322 1203 1387 1246 ἐνὶ
1415 1205 1570 1262 βουλῇ,

118 1333 210 1392 λάχῃ
243 1333 411 1378 χθονός.)
442 1355 484 1359 -
517 1335 694 1391 θεόφιν
733 1335 923 1382 μήστωρ

119 1395 187 1416 oct.
209 1381 248 1414 ll.
274 1380 320 1425 η’,
348 1383 427 1416 366.
449 1381 616 1424 -πέρι
640 1383 923 1428 ψμαχητής.

116 1429 197 1469 202,
232 1426 522 1470 11.n'‚186.—-
558 1428 808 1475 ἀνιηθεὶς,
841 1442 924 1474 per-

116 1478 242 1508 taesus.
271 1471 319 1514 α’,
347 1474 425 1507 133.

164 1520 374 1554 118-122.
423 1517 668 1562 εἰνάετες,
700 1521 919 1562 novennium,

116 1568 157 1598 ut
178 1562 460 1607 πενταετες,
492 1565 703 1609 ἑξάετες,
731 1567 922 1622 quinquen-

114 1611 230 1654 nium,
273 1612 478 1644 sexennium.
512 1631 556 1636 —
588 1613 708 1647 κακοὶ
745 1612 921 1655 ῥάπτο-

115 1669 222 1700 μεν,
255 1658 349 1690 mala
381 1668 441 1690 seu
474 1657 699 1692 calamitatem
724 1660 920 1694 struximus.

115 1703 151 1736 id
182 1702 316 1735 inimico
351 1703 490 1743 facere,
530 1705 658 1747 justum
694 1711 769 1745 εεις
801 1705 918 1746 amico,

116 1747 209 1782 velut
227 1748 432 1782 Telemacho
454 1749 504 1791 π’,
529 1747 621 1791 423„
638 1752 809 1804 injustum.
833 1751 920 1784 male

114 1793 222 1838 igitur
253 1794 304 1827 E:
349 1795 568 1837 σημείωσαι,
607 1797 742 1840 inquit,
785 1794 842 1831 ὅτι
876 1793 920 1831 26

113 1853 181 1883 μεν
205 1838 330 1874 κακοὶ
363 1839 566 1883 ῥάπτειν
592 1842 854 1886 διαλελυμένως
870 1844 922 1877 λε-

113 1885 225 1942 χθὲν
234 1884 302 1920 οὐκ
327 1884 385 1921 ἐπὶ
410 1885 514 1932 ψό>ῳ
539 1885 660 1943 ἐτέθη.
700 1890 789 1932 quod
815 1889 921 1931 addit,

115 1931 156 1967 τὸ
181 1931 306 1976 μέντοι
331 1932 514 1968 σύνθετον
537 1930 559 1977 ἦ
584 1934 820 1980 κακοῤῥαφιά
844 1934 922 1969 ἐπί-

114 1987 259 2022 ψογον,
292 1991 411 2012 verum
446 1980 579 2023 quidem
618 1988 691 2023 est,
728 1982 757 2015 εἰ
782 1980 922 2015 Homeri

114 2025 191 2058 loca
214 2032 425 2070 spectamus,
456 2026 491 2058 in
525 2027 646 2070 quibus
681 2039 721 2061 ea
745 2039 812 2061 vox
837 2027 923 2071 legi-

115 2077 194 2110 tur,
202 2082 312 2126 quae
335 2071 409 2104 loca
433 2077 511 2105 sunt
535 2071 588 2116 β’,
613 2075 707 2115 236,
734 2072 780 2115 μ,
806 2075 863 2108 26.
888 2077 923 2106 et

116 2117 154 2150 ll.
181 2114 224 2157 o',
249 2119 303 2151 16.
337 2116 422 2149 dixit
454 2117 539 2151 enlm
574 2120 682 2162 primo
715 2120 849 2153 illorum
873 2119 923 2152 lo-

115 2174 231 2196 corum
276 2163 438 2195 invidiam
486 2175 661 2208 procorum
707 2166 922 2210 Penelopae3

115 2209 224 2242 altero
256 2208 391 2253 Ulyssls
430 2214 465 2241 et
499 2210 574 2252 ejus
608 2211 775 2245 sociorum
815 2221 923 2256 prava

115 2253 276 2295 consilia,
309 2254 431 2298 qulbus
456 2266 497 2288 ne
522 2255 588 2300 ipsi
612 2258 820 2301 perdantur,
854 2269 924 2291 me-

113 2299 180 2332 tuit
206 2300 327 2340 Circe3
353 2300 500 2344 denique
525 2308 697 2346 postremo
723 2304 834 2337 dolum
858 2303 919 2336 Ju-

113 2345 228 2387 nonis,
267 2357 332 2390 quo
359 2346 501 2379 Hectori
539 2354 574 2381 et
599 2349 764 2392 Trojanis
788 2349 918 2390 offecit,

111 2390 221 2424 invito
256 2391 352 2425 Jove
389 2392 449 2424 sed
495 2403 556 2436 per
590 2405 628 2426 se
665 2396 748 2429 nihil
782 2395 918 2435 obstat,

112 2437 291 2481 quominus
315 2443 352 2470 et
375 2437 463 2471 hosti
490 2439 532 2471 ab
565 2439 663 2473 hoste
686 2446 841 2475 structae
865 2441 919 2474 in-

110 2482 218 2516 sidiae
250 2489 416 2516 vocentur
449 2484 704 2530 κακοῤῥαφιά,
737 2493 771 2521 et
804 2490 919 2531 potest

110 2540 151 2562 eo
176 2540 276 2563 sensu
310 2529 422 2583 accipi
447 2530 546 2564 dolus
578 2532 740 2574 Junonis,
766 2532 919 2576 quamvis

110 2574 266 2630 injustus,
282 2575 339 2609 ille
356 2577 460 2612 visus
483 2576 582 2620 Ᾰοιί,
608 2589 628 2610 a
655 2579 801 2613 Graecis
825 2584 919 2611 stan-

109 2619 149 2653 ti.
174 2640 218 2646 —
243 2604 582 2664 ἀμφιέποντες
594 2621 743 2665 αὐτούς,
775 2625 918 2667 Τρῶας,

110 2668 267 2709 occupati
299 2669 424 2701 circum
456 2669 542 2702 illos.
579 2681 647 2703 vox
672 2670 806 2725 media:
843 2681 919 2703 nam

111 2715 147 2744 et
170 2712 252 2745 socii
277 2713 388 2747 socios
413 2713 572 2749 dlcuntur
596 2729 693 2759 αμφι-
688 2716 800 2757 ἶπειν,
826 2716 920 2750 ιεΙιιῐ

109 2755 150 2791 ll.
174 2754 220 2802 β’,
246 2759 326 2793 525.
361 2779 407 2783 —
442 2757 545 2794 ε”νθ
578 2761 713 2803 οὔτις
743 2760 919 2806 -ἤθε-

110 2804 168 2837 λε.
203 2804 352 2837 audebat
367 2816 461 2839 nemo
488 2818 525 2840 se
545 2807 665 2852 Ulyssi
688 2808 914 2853 aequiparare

110 2848 314 2892 prudentia
341 2862 408 2893 qua
433 2864 546 2886 οιιιιιεε
566 2855 761 2898 superabat.
791 2866 916 2908 perpe-

110 2904 182 2927 ram
204 2895 418 2929 Scholiastae
450 2896 582 2941 ἤθελεν
607 2901 800 2944 intelligunt
824 2899 916 2944 ἠδύ-

110 2911 591 2981 νατο,81)ιιείἰΗῐεηου’ὃ
627 2946 761 2981 ἔθελε
802 2959 915 2989 προ-

113 2984 243 3029 ρέειν
282 2986 407 3032 11.φ’,
433 2991 512 3025 366.
505 3015 528 3032 .,
563 2996 599 3025 et
623 2993 776 3028 Platonis
799 2993 915 3028 verbis

970 1336 1148 1378 Phaedro,
1189 1322 1225 1382 p.
1258 1338 1348 1379 230,
1375 1339 1426 1373 b.:

970 1429 1063 1462 dicta
1094 1441 1157 1474 per
1199 1427 1560 1474 ἄνθρωποποὶθειαν.
1586 1450 1633 1455 -
1663 1441 1774 1464 παν-

967 1477 1149 1509 τοίοισι
1173 1475 1378 1513 δόλοισι.
1410 1477 1446 1510 id
1470 1477 1568 1511 modo
1585 1475 1688 1517 dixit3
1713 1474 1776 1508 sed
1828 1491 1831 1517 ς

968 1521 1180 1564 ignoscenda
1199 1522 1272 1555 seni
1298 1529 1352 1556 est
1374 1523 1512 1559 oblivio.
1536 1530 1658 1557 contra
1681 1522 1774 1555 iner-
1828 1525 1830 1533 ⁸

968 1567 1050 1599 tiam
1075 1567 1190 1600 militis
1214 1568 1384 1610 loquentis
1401 1569 1523 1603 merito
1546 1568 1702 1602 Donatus
1717 1578 1776 1601 re-
1800 1573 1801 1576 ’

967 1612 1150 1656 prehendit
1176 1625 1230 1658 ap.
1257 1614 1458 1648 Terentium
1481 1615 1661 1656 Eunuclm,
1684 1614 1718 1653 3,
1741 1615 1776 1656 l,

966 1659 1023 1692 22.
1056 1669 1247 1703 quanquam
1276 1664 1312 1693 et
1341 1659 1469 1694 inertia
1501 1661 1561 1694 illa
1585 1665 1639 1694 est
1659 1671 1777 1704 χαρα-

966 1703 1187 1748 κτηριστική.

1015 1752 1206 1786 123-125.
1256 1750 1398 1784 miratur
1422 1751 1556 1785 Nestor
1584 1761 1775 1784 sermonum

967 1795 1164 1829 Telemachi
1190 1800 1225 1829 et
1248 1797 1327 1830 olim
1351 1797 1488 1841 Ulyssls
1511 1797 1775 1839 simllitudinem,
1826 1834 1830 1846 >

967 1843 1245 1885 quemadmodum
1275 1849 1311 1876 et
1334 1855 1475 1887 corpore
1499 1843 1549 1876 illi
1572 1842 1697 1877 slmiles
1720 1843 1775 1875 vi-

968 1889 1091 1920 dentur
1119 1888 1300 1922 Minervae
1335 1897 1370 1922 et
1393 1889 1550 1923 Menelao
1575 1894 1679 1934 atque
1702 1888 1774 1922 He·
1825 1927 1828 1941 ·

967 1933 1066 1967 lenae
1100 1932 1152 1974 α’,
1184 1936 1271 1975 208,
1296 1935 1375 1970 209.
1411 1940 1446 1968 et
1481 1932 1530 1978 δ’,
1559 1936 1773 1971 138-150.

969 1979 1102 2024 pariter
1126 1980 1289 2014 Evander
1323 1992 1378 2025 ap.
1405 1980 1502 2025 Virg.
1528 1981 1612 2014 Aen.
1637 1982 1671 2023 8,
1697 1978 1773 2015 154.

970 2026 1013 2058 de
1047 2028 1178 2059 Aenea:
1215 2031 1253 2059 ut
1286 2031 1339 2068 te,
1369 2027 1562 2069 fortissime
1589 2027 1772 2068 stateram,

971 2072 1108 2113 Accipio
1133 2083 1350 2116 agnoscoque
1374 2073 1505 2106 libens!
1523 2077 1561 2106 ut
1584 2073 1689 2106 verba
1704 2084 1774 2117 pa—

968 2118 1076 2151 τειιίἰε
1112 2118 1158 2151 Et
1190 2130 1303 2151 vocem
1338 2119 1512 2152 Anchisae
1545 2120 1669 2164 magni
1698 2119 1774 2152 vol-

969 2169 1108 2206 tumque
1132 2165 1316 2197 recordor!
1355 2164 1412 2198 cui
1436 2164 1511 2198 loco
1531 2147 1625 2198 haec
1641 2165 1772 2198 adscri-

969 2209 1039 2254 psit
1054 2209 1175 2242 Eichh.
1197 2209 1447 2267 Neoptolemus
1460 2210 1772 2254 SophocleusPhil.
1808 2222 1825 2236 -’

968 2255 1069 2291 334³
1096 2249 1142 2299 ἧν
1168 2254 1206 2289 δ’
1234 2252 1331 2299 ἦμαρ
1356 2254 1429 2312 ἤδη
1448 2255 1619 2300 δεύτερον
1643 2255 1773 2291 πλέον
1822 2274 1826 2295 ς

966 2302 1002 2336 τί
1035 2313 1119 2343 μοι,
1152 2298 1262 2345 Κοῗγω
1295 2299 1433 2347 πικρὸν
1472 2303 1624 2352 Σίγειον
1659 2301 1773 2359 ουρίῳ

965 2347 1086 2402 πλάτῃ
1122 2347 1367 2392 Κατηγόμην’
1413 2349 1478 2383 καί
1507 2347 1550 2392 μ’
1583 2346 1702 2389 εὐθύς
1733 2348 1772 2384 ἐν

965 2391 1084 2449 κύκλῳ
1110 2394 1261 2446 στρατὸς
1279 2391 1461 2450 Ἐκβαντα
1483 2395 1555 2436 πᾶς
1578 2392 1757 2449 ησπάζετ’
1759 2421 1769 2435 ,
1822 2400 1825 2402 “

966 2437 1174 2480 ὄνύντες
1207 2440 1286 2498 βλ’-’
1299 2453 1406 2476 πειν
1450 2439 1544 2475 Τὸν
1590 2453 1674 2475 ονκ
1705 2438 1768 2476 ἔτ’

967 2483 1082 2521 ὄντα
1117 2485 1250 2527 ζῶντ’
1278 2485 1486 2542 Ἀχιλλέα
1506 2484 1673 2521 παλιν.
1699 2487 1768 2521 Ca-

965 2532 1069 2566 tullus
1101 2535 1166 2575 61,
1198 2535 1276 2568 221.
1346 2534 1391 2567 sit
1425 2545 1485 2567 suo
1520 2533 1641 2567 similis
1674 2535 1770 2577 patri

966 2578 1124 2622 Manlio,
1155 2584 1189 2612 et
1219 2580 1323 2619 facile
1355 2580 1468 2613 insciis
1502 2579 1702 2613 Noscitetur
1724 2581 1767 2613 οὸ

965 2625 1134 2664 omnibus,
1161 2626 1207 2661 Et
1227 2626 1432 2669 pudicitiam
1455 2636 1539 2660 suae
1562 2625 1690 2660 Matris
1711 2626 1767 2660 ἰη-

965 2671 1054 2704 dicet
1079 2681 1147 2703 ore.

1012 2718 1120 2752 126-
1129 2717 1205 2752 130.
1242 2729 1350 2755 ειως
1373 2716 1527 2772 elliptlce
1551 2716 1677 2750 dictum
1701 2723 1766 2760 est,

965 2766 1003 2795 ut
1026 2761 1071 2807 β’,
1100 2762 1189 2799 148,
1211 2774 1271 2807 pro
1297 2776 1381 2803 ειως
1402 2762 1481 2818 μέν
1493 2775 1559 2805 σφι
1582 2762 1678 2797 κακοὶ
1702 2761 1767 2806 ῥά-

961 2821 1116 2852 πτομεν,
1156 2821 1259 2848 τειως
1283 2807 1351 2852 ἐγώ
1379 2810 1440 2844 καὶ
1472 2805 1675 2849 Ὀδυσσεύς
1697 2814 1765 2843 etc.

962 2858 1033 2889 Am.
1060 2855 1253 2909 Q50t112
1280 2856 1390 2895 ειως
1423 2852 1594 2898 μέν.τό
1619 2852 1767 2898 ἀναφο-

961 2899 1064 2942 ρικόν
1089 2898 1172 2934 ἀντὶ
1207 2900 1532 2943 α’νταποδοτικοῦ,
1563 2900 1632 2935 τοῦ
1665 2901 1768 2942 τέως.

962 2947 1080 2980 Voss.:
1107 2948 1244 2981 damals
1267 2949 1434 2990 spu-achon
1454 2947 1518 2980 wir
1539 2947 1598 2981 πίε
1621 2964 1666 2972 -
1688 2959 1766 2981 ver-
1816 2950 1826 2991 l>

962 2993 1170 3027 schiedcncs.
1195 3015 1239 3020 ——
1271 2991 1364 3037 δίχ’
1401 2992 1652 3039 ἐβάζομεν.
1692 2996 1764 3029 Am.

1462 1335 1517 1373 οὗ
1550 1337 1687 1374 θέλει
1717 1333 1773 1371 τὰ
1829 1360 1851 1382 ι,

971 1383 1156 1426 δένδρα
1191 1382 1450 1420 διδάσκειν
1482 1396 1556 1428 με,
1581 1395 1670 1430 quae
1694 1388 1775 1416 sunt
1829 1414 1831 1432 :
