1846 3282
179 375 382 409 servaverit.

99 446 181 489 265

211 500 322 552 „val
354 498 407 555 δὴ
435 500 574 542 ταῦτά
603 515 650 554 γε
679 514 844 548 παντα,

51 637 54 656 l

212 668 307 712 ἀλλ’
341 669 464 712 οὔπω
493 672 697 711 τοιοῦτον
725 667 837 721 ἐγών

0 1223 1 1228 ¹
32 1117 148 1222 '‘1⁴5²'’
170 1190 234 1213 nec
251 1178 467 1224 frequentius
488 1179 586 1214 illata
609 1194 631 1216 ν
654 1181 774 1215 littera
797 1181 840 1214 fi-

36 1224 106 1258 nali
139 1231 280 1275 aspera}
310 1237 456 1259 versum.
491 1248 536 1253 —-
573 1228 644 1261 Am.
681 1227 746 1267 Q:
786 1225 839 1261 οὔ

36 1281 115 1305 τευ
150 1290 194 1296 -
234 1273 337 1307 εἰᾶο
353 1285 381 1312 ς.
422 1269 508 1316 ἐνῆν
537 1271 603 1316 μὲν
635 1273 749 1308 εἰπεῖν
783 1271 840 1308 ου’

34 1315 118 1361 γὰρ
153 1317 303 1361 (scrib.:
339 1315 440 1352 οὔτ’
469 1317 522 1361 ἂρ
546 1320 620 1363 -)
651 1315 762 1355 οὔτε
793 1333 839 1354 τι

35 1363 196 1406 ἔργον,
219 1361 293 1408 ἤδη
323 1359 372 1409 (ἦ
399 1363 448 1401 δέ.
468 1365 636 1408 Buttm.)
668 1362 710 1399 τό
740 1364 838 1406 εἶδος

31 1407 185 1445 ἐπαινεῖ.
211 1410 341 1453 διόπερ
366 1410 428 1444 καὶ
454 1410 739 1455 ἐξημαρτηκέναι
765 1414 837 1446 διε-

31 1454 184 1502 βάλλετο
207 1453 432 1502 ἡττηθεῖσαν
457 1457 650 1502 (ἡττ-α)
680 1458 744 1501 τῆς
766 1461 834 1493 τοῦ

32 1500 202 1557 Ιζοὶριὸος
214 1500 429 1547 εὐμορφίας.
455 1502 491 1537 οὶ
513 1502 582 1547 γὰρ
608 1502 742 1544 ἄνδρες
767 1503 834 1548 οὐχ

29 1560 150 1589 ουτως
173 1546 230 1583 ἐπὶ
251 1552 334 1589 ταῖς
362 1551 530 1591 φθοραῖς
551 1550 624 1583 τῶν
647 1553 835 1593 γυναικών

29 1592 321 1638 ἀγανακτοῦσιν,
356 1594 445 1629 ὅσον
469 1594 527 1630 ἐπὶ
552 1599 633 1634 ταῖς
657 1597 833 1639 προαιρέ-

25 1651 146 1682 σεσιν,
170 1640 260 1676 ὅταν
281 1641 489 1677 αἴσθωνται
501 1638 571 1676 ὑπ’
591 1640 707 1676 ἄλλων
725 1642 832 1687 (sup-

24 1687 178 1732 pleamus
198 1699 239 1721 ex
263 1687 293 1721 E
309 1687 716 1732 παρευδοκιμούμενοι)
739 1687 830 1733 παρ’

25 1730 167 1773 αὐταῖς.
214 1745 391 1779 perperam
416 1734 495 1768 libri
518 1735 710 1768 Eustathii:
735 1732 829 1779 παρ’

23 1777 188 1823 εὕδοκιμ.
210 1779 302 1823 παρ’
327 1779 459 1821 αὐταῖς
478 1806 486 1823 ,
522 1781 572 1814 uti
606 1786 642 1815 et
664 1783 829 1827 scriptum

0 1842 2 1871 Ι
23 1825 90 1859 suit.
117 1826 237 1870 procul
260 1826 363 1861 dubio
387 1827 421 1860 in
446 1829 660 1872 autographo
694 1827 830 1862 librarii

0 1879 2 1891 ¹
26 1872 177 1905 Ambros.
192 1896 203 1912 ‚
227 1872 318 1906 unde
341 1873 468 1907 factum
493 1879 564 1913 est,
590 1879 628 1907 ut
650 1874 759 1908 oculis
783 1875 827 1908 ab

22 1918 132 1952 altero
157 1917 200 1951 ad
224 1918 365 1953 alterum
391 1916 482 1962 παρ’
508 1919 673 1953 aberrans
705 1920 827 1954 omise-

22 1963 71 1997 rit
102 1974 219 1997 vocem
249 1964 391 1999 mediam
426 1964 546 2001 εὔδοκ.
580 1965 670 2010 quod
701 1966 828 2001 attinet

20 2009 64 2043 ad
86 2009 235 2054 speciem
258 2010 418 2053 Menelai,
445 2012 615 2045 Homerus
640 2011 713 2056 ipse
732 2013 823 2046 latos

16 2056 92 2099 ejus
115 2056 269 2090 humeros
293 2055 440 2101 (εὐρέας
462 2057 585 2102 ὤμους
607 2057 646 2093 Il.
663 2056 707 2103 γ’,
723 2059 822 2103 210.)

17 2108 54 2135 et
76 2099 200 2136 flavum
225 2105 350 2137 crinem
375 2110 623 2138 commemorat.
648 2116 744 2149 quem
764 2116 822 2138 se-

17 2151 116 2181 cutus
137 2148 345 2183 Schubarth.
371 2151 475 2185 Ideen
498 2162 530 2184 u.
557 2161 583 2184 s.
609 2162 655 2184 w,
680 2162 713 2195 p.
742 2151 818 2186 170.

15 2193 137 2227 tribuit
159 2193 190 2227 ei
215 2199 377 2230 staturam
401 2208 554 2241 magnam
580 2202 684 2241 atque
709 2208 820 2241 appo-

15 2239 120 2292 sitam·
137 2240 180 2273 ad
205 2240 427 2284 dignitatem,
465 2243 572 2285 „eine
598 2243 728 2285 breite,
751 2255 818 2276 an—

12 2284 208 2326 sehnhchOEz,
230 2287 435 2323 wurdevolle
455 2289 612 2328 Gestalt,
637 2289 726 2323 ohne
749 2289 816 2323 den

14 2329 262 2366 hen-schenden
286 2333 371 2368 Sinn
402 2335 462 2369 des
485 2336 683 2369 Bruders.“
732 2347 816 2369 con-

13 2379 69 2409 tra
101 2376 258 2411 Paridem
290 2379 346 2413 hic
374 2387 491 2415 noster
523 2381 698 2426 appellare
727 2382 815 2415 solet

12 2421 97 2456 δῖον
120 2433 180 2455 seu
202 2425 394 2460 θεοειδέατ
426 2439 514 2471 quae
546 2427 702 2473 epitheta
736 2439 812 2461 cum

10 2472 47 2521 et
69 2468 224 2523 corporis
247 2475 282 2503 et
304 2471 404 2506 animi
427 2474 523 2507 dotes
547 2474 723 2517 locumque
741 2485 812 2507 ma·-

4 2524 114 2567 ¹,orem
136 2515 328 2558 sngmfxcare
355 2519 497 2562 possint,
519 2531 586 2553 non
611 2519 692 2553 item
717 2521 812 2553 amb-

9 2569 104 2615 igue,
124 2559 167 2593 de
192 2560 248 2594 illo
272 2561 386 2597 venus
415 2565 509 2610 ipsa,
538 2566 645 2609 judex
668 2566 808 2609 optima,

8 2604 51 2639 11.
75 2619 119 2650 γ,
142 2607 241 2641 392.;
273 2606 399 2644 κάλλεΐ
418 2623 455 2645 τε
478 2613 650 2656 στίλβων,
684 2612 807 2657 inquit,

6 2650 67 2686 καὶ
88 2653 257 2707 εἵμασιν,
275 2652 376 2707 ,οὐδέ
400 2669 438 2692 κε
462 2659 576 2702 φαίης
594 2656 710 2701 Ἀνδρὶ
732 2671 807 2700 μα-

3 2699 344 2756 χησαμενονητονϊ
369 2700 508 2745 ἐλθεῖν,
542 2703 631 2738 ἀλλὰ
652 2704 806 2748 χορόνδε

7 2745 149 2789 Ερχεσθ
169 2770 180 2787 ,
203 2758 245 2789 ηε
273 2751 398 2790 χοροῖο
423 2748 509 2784 νέον
530 2749 687 2795 λήγοντα
708 2752 805 2786 καθ-

5 2791 103 2833 ίζειν.
142 2792 204 2846 hoc
237 2793 371 2828 Catone
403 2795 493 2829 haud
516 2803 697 2831 contentus
721 2809 801 2842 per-

2 2843 140 2872 sonatus
167 2842 234 2872 uste
259 2839 392 2881 Dares,
426 2839 637 2886 αὐτόπτης,
670 2843 699 2877 si
733 2844 800 2877 diis

25 2883 130 2924 lacet,
154 2883 241 2918 libro
264 2886 308 2919 de
332 2887 467 2921 excidio
492 2889 623 2932 Trojae
643 2900 720 2934 cap.
743 2891 798 2924 12.

39 2930 190 2964 enelaum
224 2930 330 2965 fuisse
359 2933 410 2966 ait
440 2935 603 2968 mediocri
626 2935 692 2979 (ἱ)
724 2947 799 2970 cor-

0 2984 97 3018 pere,
118 2978 252 3020 rufum,
269 2980 473 3023 sermonum,
497 2986 686 3026 acceptum,
710 2994 799 3029 gm-

23 1389 28 1451 Ι

519 114 1109 183 ΟΔΤΣΣΕᾏΑΣ
1164 117 1220 155 Δ.

1621 117 1705 158 125

216 225 272 270 οὔ
300 241 374 270 τευ
409 224 670 282 δευόμενον,
703 223 801 269 οὔτ’
832 222 888 280 ἂρ
919 223 1108 280 φρένας,
1136 222 1237 267 οὔτε
1267 238 1307 280 τι
1337 221 1507 276 εἴδος.“

262 328 478 374 prudentiam
515 328 652 374 Ulyssis
683 327 865 375 praedicat
895 327 1095 369 Menelaus,
1136 337 1206 371 qua
1247 336 1335 371 equo
1376 326 1520 363 durateo
1552 329 1699 364 inclusos

271 441 362 498 Τήν
391 441 434 485 δ’
470 441 821 509 ἀπαμειβόμενος
846 439 1051 510 προσέφη
1081 437 1244 508 ξανθὸς
1271 438 1520 490 Μενέλαος·

875 514 1031 552 γυναι,
1062 513 1172 540 κατα
1204 500 1366 551 μοῖραν
1395 496 1540 547 ἔειπες.

209 555 294 611 ἤδη
322 556 401 611 μὲν
428 557 599 599 πολέων
627 554 759 609 ἐδάην
788 553 955 611 βουλήν
983 569 1049 603 τε,
1079 551 1188 596 νόον
1218 568 1276 600 τε,

210 613 388 665 ἀνδρῶν
415 611 593 667 ἡρώων,
621 611 788 667 πολλήν
819 609 863 654 δ’

890 610 1136 665 ἐπελήλυθα
1164 614 1309 663 γαῖαν,

865 669 964 710 ἰ’δον
994 665 1308 721 ὀφθαλμοῖσιν,

26 724 51 747 '¹
98 731 181 772 270
212 723 310 769 οἷον
335 724 576 781 Ὀδυσσῆος
605 727 930 780 ταλασίφρονος
960 724 1054 766 ἐσκε
1085 725 1218 778 φίλου
1248 727 1345 778 κῆρ.

211 779 309 825 οἷον
338 783 412 825 καὶ
440 781 539 825 τόδῗ
568 781 682 836 ἔρεξε
710 783 784 825 καὶ
814 781 910 836 ἔτλη
941 779 1151 833 καρτερὸς
1181 777 1293 834 ἀνὴρ

42 854 46 886 1
207 841 324 895 ἵππῳ
356 839 420 882 ἔνι
449 841 602 892 ξεστῷ,
635 837 694 880 ἵν’
728 836 917 894 ἐνήμεθα
946 837 1105 888 πάντες
1134 837 1306 888 ἄριστοι

202 893 432 953 ’ᾼργείων,
470 893 662 949 Τρώεσσι
695 894 840 950 φόνον
870 894 943 937 καὶ
971 898 1085 949 κῆρα
1115 893 1338 949 φέροντες.

205 954 338 1007 ἦλθες
367 952 510 995 ἔπειτα
541 952 595 995 σύ
627 957 742 995 κεῖσε
775 950 1106 1006 (κελευσέμεναι
1137 950 1183 992 δέ
1215 948 1261 992 6²
1293 949 1434 1003 ἔμελλε

92 1012 177 1055 275
205 1010 394 1066 δαίμων,
424 1007 474 1061 ὃς
507 1008 729 1064 Τρώεσσιν
759 1009 962 1066 ἐβούλετο
992 1010 1129 1059 κῦδος
1159 1005 1347 1063 ὀρέξαι),

885 1186 983 1222 tnm;
1023 1179 1181 1215 Paridem
1217 1181 1329 1213 autem
1361 1176 1436 1211 sive
1466 1174 1691 1209 Alexandrum

887 1229 1029 1272 (neque
1061 1228 1147 1260 enim
1178 1226 1235 1259 illo
1268 1225 1404 1259 nomine
1432 1223 1540 1256 utitur
1564 1223 1690 1265 homo)

886 1275 1094 1314 candidum,
1119 1274 1281 1316 longum,
1308 1274 1457 1314 sortem,
1483 1268 1552 1311 (!)
1586 1269 1692 1301 oculis

883 1320 1142 1364 pulcherrimis,
1174 1319 1298 1362 capillo
1321 1317 1416 1350 molli
1439 1320 1471 1348 et
1489 1316 1608 1358 flavo,
1631 1326 1692 1347 ore

884 1372 1039 1408 venusto,
1069 1377 1151 1398 voce
1174 1365 1296 1404 suavi,
1327 1364 1495 1401 velocem,
1530 1360 1692 1404 cupidum

883 1413 1042 1456 imperii5
1083 1411 1232 1455 denique
1270 1410 1379 1454 ipsam
1413 1407 1576 1441 Helenam
1616 1407 1692 1448 (de

882 1471 950 1503 qua
975 1469 1103 1501 operae
1126 1464 1179 1489 est
1202 1455 1324 1490 audire
1357 1462 1535 1488 senatores
1558 1453 1691 1496 Troja-

880 1517 941 1538 nos
965 1504 1001 1536 ll.
1025 1502 1068 1546 y'‚
1097 1502 1317 1545 156—158.)
1341 1501 1484 1534 similem
1499 1499 1690 1542 fratribus,

880 1549 1017 1583 Castori
1037 1555 1070 1583 et
1088 1548 1232 1588 Polluci,
1251 1549 1456 1590 formosam,
1483 1546 1591 1578 animi
1606 1546 1690 1578 sim-

877 1598 997 1640 plicis,
1018 1596 1086 1638 (!)
1121 1595 1308 1633 blandam,
1342 1593 1495 1625 cruribus
1527 1591 1688 1635 optimis,

878 1649 996 1677 notam
1023 1643 1114 1675 inter
1137 1642 1204 1673 cluo
1227 1640 1413 1682 supercilia
1431 1638 1620 1678 habentem,
1637 1637 1688 1680 (!)

878 1702 937 1723 ore
955 1690 1090 1733 pusillo.
1136 1687 1225 1720 idem
1250 1686 1294 1719 de
1319 1684 1521 1727 Dioscuris,
1545 1694 1688 1728 quorum

872 1736 1001 1780 faciem
1033 1740 1066 1768 et
1098 1738 1263 1767 naturam
1287 1742 1326 1765 se
1350 1742 1370 1764 a
1396 1731 1572 1763 Dardanis
1594 1741 1687 1763 com-

876 1782 1009 1827 perisse
1034 1780 1102 1814 ait:
1127 1782 1274 1823 suerunt
1303 1778 1393 1811 alter
1421 1778 1526 1811 atteri
1553 1777 1686 1815 similis,

875 1830 998 1872 capillo
1019 1830 1138 1870 flavo,
1162 1825 1267 1858 oculis
1293 1825 1454 1867 magnis,
1471 1823 1570 1866 facie
1592 1833 1686 1867 pura

875 1875 933 1916 (h.
963 1886 992 1907 e.
1019 1871 1210 1915 imberbi),
1237 1872 1318 1904 bene
1342 1871 1519 1914 figurati,
1545 1880 1683 1914 corpore

873 1922 1030 1954 deducto.
1077 1919 1139 1952 sed
1165 1919 1250 1951 haec
1273 1917 1452 1950 hactenus.

918 1968 997 2002 266.
1046 1964 1090 2005 o'‚
1117 1967 1194 2001 170,
1218 1964 1259 1996 Il.
1285 1961 1333 2003 α’,
1358 1962 1426 1997 286
1451 1967 1516 1996 etc.

915 2013 1126 2048 272—283.
1178 2010 1304 2054 ἵππῳ
1331 2007 1403 2043 ἔνι
1427 2008 1585 2052 ξεστῷ.
1610 2006 1680 2048 „de

869 2071 909 2093 eo
935 2065 971 2093 et
993 2058 1132 2104 Ulyssis
1156 2055 1339 2102 prudentia
1370 2055 1450 2088 vide
1475 2059 1510 2089 et
1533 2052 1586 2095 θ’,
1608 2054 1678 2088 492

866 2105 1025 2146 -495.,
1057 2104 1280 2145 502—510,
1314 2107 1350 2135 et
1373 2099 1414 2144 λ’,
1441 2101 1677 2135 523-532.“

867 2153 967 2186 ΕΝ.
998 2170 1043 2176 -
1075 2150 1123 2183 E:
1158 2149 1300 2183 ἵππον
1333 2145 1374 2182 δὲ
1409 2145 1578 2191 ξεστὸν
1609 2143 1676 2180 τόν

866 2196 1041 2241 δούρειον
1060 2196 1168 2240 λέγει,
1195 2193 1215 2231 ὅ
1241 2193 1315 2229 ἐστι
1338 2190 1404 2228 τὸν
1428 2192 1586 2236 ξύλινον.
1611 2191 1674 2235 ξύ-

865 2248 932 2279 λου
959 2244 998 2280 ὁὲ
1023 2244 1123 2278 ἴδιον
1146 2239 1188 2275 τό
1217 2240 1386 2283 ξέεσθαι,
1410 2239 1515 2275 καθὰ
1539 2239 1601 2274 καὶ
1620 2239 1673 2273 λί-

863 2294 959 2326 θου·
989 2288 1079 2326 ὅθεν
1103 2287 1222 2323 καὶτὸ
1249 2289 1461 2329 ξεστοῖσι
1485 2288 1672 2322 λίθοισι

864 2338 932 2382 (γ’,
958 2337 1080 2381 406.),
1102 2333 1229 2370 καὶτὸ
1258 2331 1570 2377 ἀσαμίνθους
1594 2331 1671 2367 ἐϋ-

862 2384 1042 2427 ξέστας.
1069 2381 1164 2426 (48.)
1190 2379 1267 2415 ἐπεὶ
1292 2380 1331 2415 δὲ
1356 2381 1418 2414 καὶ
1441 2379 1484 2415 τό
1512 2380 1670 2422 ξύεσθαι

861 2430 921 2466 ἐπὶ
954 2429 1066 2472 ξύλου
1102 2428 1257 2471 λέγεται,
1297 2425 1447 2468 εἰκότως
1480 2426 1542 2460 καὶ
1577 2425 1669 2469 δόρυ

859 2476 1040 2519 ξυστόν
1072 2475 1141 2519 (11.
1170 2471 1216 2515 δ’,
1240 2474 1308 2508 469
1332 2474 1425 2516 etc.)
1460 2472 1590 2515 φαμέν.
1622 2491 1668 2498 —-

859 2521 1204 2564 κελευσέμεναι
1237 2519 1418 2564 ἔρχεσθαι.
1465 2519 1554 2552 idem
1584 2530 1668 2563 pro-

855 2570 1036 2614 pemodum
1068 2568 1183 2601 dicere
1216 2567 1332 2611 potuit
1363 2564 1591 2606 κελευέμεναι
1625 2564 1667 2600 δέ

856 2613 895 2650 σ’
930 2615 1068 2659 ἔμελλε,
1109 2613 1162 2647 vel
1192 2613 1374 2647 κελεῦσαι.
1421 2623 1455 2645 v.
1480 2611 1605 2646 Matth.
1631 2614 1664 2654 ἓ.

853 2663 950 2703 502,
975 2662 1078 2695 Schn.
1102 2672 1135 2695 ν.
1154 2660 1269 2702 μέλλω
1291 2665 1357 2692 etc.
1384 2661 1526 2691 excusat
1549 2661 1663 2692 autem

854 2708 910 2741 ‹lei
947 2707 1208 2748 auctoritatem,
1250 2703 1398 2737 Graecis
1437 2703 1578 2746 infesti,
1618 2715 1662 2738 ne

852 2754 1038 2799 perfidiose
1061 2752 1184 2786 fecisse
1208 2751 1370 2784 videatur
1394 2749 1547 2791 Helena,
1572 2761 1661 2795 quae

849 2800 1024 2845 principes
1062 2800 1276 2832 Graecorum
1309 2796 1343 2829 in
1368 2795 1493 2840 capitis
1520 2797 1658 2841 pericu-

846 2846 913 2879 lum
946 2844 1137 2879 adduxerit.
1186 2855 1248 2876 nec
1279 2841 1353 2876 siue
1383 2842 1503 2876 afflatu
1540 2842 1657 2876 divino

845 2892 975 2926 imitari
1011 2890 1162 2936 potuisse
1197 2889 1290 2922 dicas
1321 2888 1412 2922 illam
1443 2899 1545 2922 voces
1570 2899 1656 2922 uxo-

845 2950 941 2981 rum,
977 2947 1120 2981 quarum
1146 2935 1327 2980 plerasque
1351 2945 1523 2979 nunquam
1547 2934 1653 2968 oculis

844 2983 1091 3030 conspexisset.
1127 3001 1171 3007 —
1207 2981 1364 3021 κῦδος
1395 2977 1579 3027 ὀρέξαι.
1610 2980 1648 3013 11.
