1846 3282
563 115 1150 179 οΔνΣΣΕιΑΣ
1205 138 1256 178 K.

246 247 477 299 πίνοντας,
507 246 581 289 καὶ
611 246 817 298 ἔδοντας·
826 242 1092 317 ἐπηετανὸν
1111 244 1197 299 γάρ
1227 245 1410 301 ἔχουσιν.
1425 251 1455 273 “

313 301 396 352 Ὣς
425 301 620 358 ἐφάμην,
654 305 700 347 οἷ
729 302 772 346 δ’
806 307 899 346 «fixa
926 302 1047 357 ἐμοῖς
1075 301 1245 345 ἐπέεσσι
1269 304 1487 347 πίθοντο·

245 357 506 413 Εὐρύλοχος
535 359 583 403 δέ
612 376 689 416 μοι
718 358 813 432 οἶος
843 358 1047 428 ἐρύκανε
1055 356 1224 408 πάντας
1254 358 1477 412 ἑταίρους·
1519 404 1523 407 ,

135 418 216 462 430
247 416 369 488 [xai3
378 425 517 471 σφεας
546 417 768 491 φωνήσας
783 416 886 459 ἔπεα
915 413 1192 469 πτερόεντα
1178 415 1430 485 προσηύδα·
1441 419 1457 469 ]

322 468 399 522 ,ῘΑ
428 474 581 524 δειλοὶ,
612 473 716 517 πόσ’
747 475 868 528 ἰ’μεν,·
897 473 939 514 τί
965 475 1116 516 κακῶν
1148 473 1328 526 ἱμείρετε
1356 471 1538 526 τούτων,

245 528 413 597 Κίρκης
439 528 483 599 ἐς
511 529 705 585 μέγαρον
732 527 1050 598 καταβήμεναι,
1078 527 1108 583 ἥ
1136 544 1212 572 κεν
1241 527 1436 580 ἅπαντας

245 583 274 639 ἢ
304 588 407 637 σῦς,
436 584 486 641 ἠὲ
517 586 679 637 λύκους
707 584 955 655 ποιήσεται,
984 585 1035 641 ἠὲ
1063 585 1254 636 λέοντας,

244 642 293 683 οῖ’
320 642 397 684 κέν
428 644 472 684 οἱ
501 645 613 698 μέγα
641 645 764 696 δῶμα
783 641 1099 713 φυλάσσοιμεν
1127 642 1202 685 καὶ
1230 638 1415 697 ἀνάγκῃ.

131 699 213 741 435
244 696 390 752 ὥσπερ
419 698 612 750 Κύκλωψ
641 697 749 753 ξ”,ρξ

780 698 850 742 ὅτε
882 700 925 741 οἱ
954 697 1201 753 μέσσαυλον
1230 699 1381 740 ἵκοντο

242 753 445 809 ἡμέτεροι
473 755 643 809 ἕταροι,
682 755 762 807 ξύν
790 754 891 799 δ’ὁ
919 755 1092 809 θρασύς
1121 751 1253 798 εἵπετ’
1282 751 1540 804 Ὀδυσσεύς·

243 810 403 856 τούτου
430 812 515 867 γάρ
545 812 620 855 καὶ
648 817 787 855 κεῖνοι
819 811 1141 870 ἀτασθαλίῃσιν
1167 810 1360 855 ‹3¹20va

296 891 350 924 cui
375 891 595 924 vehementer
620 891 663 924 ob
688 890 722 924 id
744 890 876 930 iratus,
899 891 1055 936 quamvis
1076 891 1340 936 consanguineo,
1365 889 1511 935 Ulysses
1534 892 1646 922 tamen
1668 890 1741 933 pia-

162 951 169 957 ’
213 941 328 978 catur3
356 937 478 981 itaque
496 947 613 970 omnes
637 937 680 970 ad
707 937 835 970 Circen
862 938 1018 972 tendunt.

310 1003 394 1054 ‘2529
424 1003 574 1059 ἔφατ’·

613 1003 754 1059 αὐτὰρ
785 1005 919 1060 ε’γωγε
948 1020 1054 1075 μετα
1085 1004 1217 1060 φρεσὶ
1236 1002 1502 1074 μερμήριξα,

245 1061 553 1114 σπασσάμενος
571 1061 796 1131 τανύηκες
827 1061 911 1116 αόρ
942 1061 1099 1120 παχέος
1128 1078 1246 1115 παρα
1279 1064 1438 1116 μηροῦ,

131 1120 216 1163 440
246 1135 306 1174 τῳ
337 1120 382 1161 οἱ
410 1116 660 1173 ἀποτμήξας
689 1118 886 1187 κεφαλὴν
917 1114 1108 1162 οὖδάσδε
1137 1117 1363 1168 πελάσσαι,

244 1175 318 1219 καὶ
348 1178 446 1231 πηῷ
474 1190 554 1227 περ
586 1175 701 1218 ἐόντι
730 1174 847 1227 μάλα
878 1175 1044 1245 σχεδόν.
1088 1172 1196 1218 άλλά
1227 1174 1272 1229 μ’
1304 1173 1470 1228 ἑταῖροι

246 1234 471 1287 μειλιχίοις
501 1230 697 1274 ἐπέεσσιν
728 1232 933 1300 ἐρήτυον
946 1231 1136 1275 ἄλλοθεν
1166 1231 1317 1282 ἄλλος·

325 1287 556 1343 Διογενὲς,
586 1292 746 1331 τοῦτον
777 1288 854 1343 μὲν
885 1286 1091 1343 ἐάσομεν,
1130 1289 1167 1331 εἰ
1198 1288 1252 1332 συ
1283 1284 1487 1337 κελεύεις,

251 1342 391 1387 αὐτοῦ
423 1345 512 1399 πάρ
546 1346 624 1414 νήΐ
652 1361 696 1387 τε
722 1344 891 1400 μένειν,
922 1345 996 1388 καὶ
1026 1348 1112 1412 νῆα
1143 1345 1355 1399 ἐᾙρυσθαι

134 1403 216 1446 445
249 1399 354 1470 ημῖν
385 1401 431 1444 6’
460 1401 696 1457 ηγεμόνευ’
727 1402 822 1456 ἱερὰ
848 1401 960 1456 πρὸς
991 1401 1171 1456 δώματα
1203 1402 1424 1455 Κίρκηςᾞ

314 1457 397 1508 Ὼς
431 1458 624 1528 φάμενοι
651 1459 771 1512 παρά
800 1459 905 1513 νηὸς
936 1457 1094 1527 άνήϊον
1122 1457 1200 1512 η’ὅέ
1229 1459 1467 1511 θαλάσσης,

244 1511 349 1558 οὐδὲ
376 1514 455 1583 μὲν
484 1513 742 1569 Εὐρύλοχος
770 1517 898 1583 κοίλῃ
927 1514 1047 1569 παρὰ
1076 1517 1153 1570 νηῒ
1183 1514 1385 1564 λέλειπτο,

246 1569 343 1614 ἄλλ’
376 1570 491 1614 ἕπετ’

506 1589 513 1597 ·
542 1572 731 1615 ἔδδεισεν
759 1571 842 1627 γὰρ
874 1571 983 1627 ἐμὴν
1012 1571 1230 1627 ἔκπαγλον
1261 1569 1431 1626 ἐνιπήν.

293 1649 516 1695 hospitaliter
548 1651 686 1695 excepti
709 1663 833 1685 annum
864 1650 913 1685 ibi
938 1657 1097 1695 manent,
1131 1662 1198 1696 quo
1227 1653 1350 1684 exacto
1374 1650 1533 1694 Ulyssem
1568 1646 1611 1680 de
1635 1645 1748 1680 reditu

210 1696 246 1730 in
270 1697 415 1742 patriam
438 1699 595 1742 cogitare
615 1698 747 1741 jubent.

327 1764 483 1820 Τόφρα
513 1765 560 1808 δὲ
591 1765 695 1817 τούς
726 1764 886 1816 ἄλλους
915 1762 1100 1818 ἑτάρους
1134 1763 1181 1807 ἐν
1216 1761 1387 1819 δώμασι
1421 1761 1560 1817 Κίρκη

133 1821 216 1866 450
247 1821 461 1874 ἐνδυκέως
489 1822 649 1866 λοῦσέν
678 1839 746 1875 τε,
777 1823 851 1866 καὶ
880 1821 1048 1878 ἐχρισεν
1077 1819 1168 1865 λίπ’
1201 1820 1345 1879 ἐλαίῳ,

76 1923 234 1978 Uiysses.
258 1924 304 1958 cf.
324 1923 405 1960 445.
427 1944 473 1950 —
503 1923 776 1971 ἐπηετανόν
799 1938 829 1970 γ.
856 1924 886 1962 ἐ.

76 1967 123 2015 η’,
148 1971 216 2015 99,
240 1968 285 2011 δ’,
307 1970 352 2006 89
371 1977 439 2005 etc.

121 2015 202 2052 428.
249 2028 282 2050 v.
310 2018 388 2052 178.

122 2064 203 2097 430.
252 2074 371 2097 versus
404 2062 546 2097 omissus
580 2063 613 2097 in
647 2063 830 2104 Heidelb.‚
865 2064 889 2099 2

78 2108 250 2150 vindob„
285 2109 465 2154 Alterique
498 2115 533 2143 et
562 2111 789 2144 recentiorum
815 2110 890 2143 edi-

77 2155 241 2190 tionibus.
293 2155 396 2189 etiam
438 2157 555 2190 Schol.
598 2157 694 2190 Harl.
739 2156 888 2190 codicis·

76 2201 190 2236 λείπει
221 2199 265 2236 τό
297 2201 357 2246 λέγ
360 2215 422 2237 ων.
469 2213 555 2245 ergo
589 2214 632 2236 ne
663 2203 722 2236 ine
753 2202 888 2247 quidem

77 2247 164 2281 haec
189 2247 274 2292 legit.
299 2248 334 2282 in
366 2260 426 2283 suo
451 2249 554 2283 libro.
601 2261 635 2285 v„
667 2260 745 2284 ann.
770 2249 814 2283 ad
847 2249 888 2282 11.

77 2291 132 2334 κ’,
157 2294 234 2328 191.

123 2340 248 2374 432—
257 2339 335 2376 436.
383 2334 409 2374 ἆ
441 2339 611 2381 δειλοὶ,
655 2354 685 2374 ω
719 2341 889 2383 δείλαιοι,

81 2397 110 2419 ω
136 2382 266 2421 ἄθλιοι
317 2384 351 2422 v'
365 2411 375 2428 ,
397 2388 486 2430 351,
517 2387 559 2421 11.
581 2385 633 2430 λ’,
658 2388 727 2423 816
753 2394 821 2422 etc.
844 2406 888 2412 —·

80 2431 162 2465 Sch.
189 2432 368 2467 mendonex
401 2432 743 2479 καταβήμεναι.
777 2447 890 2482 κατα-

81 2478 213 2534 βῆναι,
236 2476 466 2520 ὑπειορθεῖν.
512 2480 698 2514 scribamus
723 2494 813 2521 κατ.,
842 2486 891 2520 ιὼς

82 2521 299 2566 ὑπένερθεν.
347 2525 400 2558 Ε·
436 2524 478 2560 τὸ
507 2528 655 2582 καταβ
709 2524 733 2571 r}
767 2523 891 2567 &naeus

82 2567 167 2606 ἀντὶ
190 2573 259 2606 τοῦ
283 2573 408 2629 βῆναι,
417 2575 552 2613 κεῖται,
577 2568 600 2615 ἢ
624 2573 685 2608 καὶ
711 2572 891 2609 ἀστειότε-

82 2631 170 2661 ραν,
195 2616 245 2674 069
269 2618 372 2660 εἴπερ
398 2617 469 2671 ἔφη
498 2617 533 2658 ἐς
563 2616 659 2663 ᾅδου
684 2623 892 2678 καταβῆναι

83 2663 151 2700 διιὶ
183 2664 249 2700 τὸν
290 2661 525 2719 ἐληιζιξμενον
559 2653 731 2723 ι’ἷλεθρου.
776 2666 893 2706 ὅμως

50 2715 53 2718 ’
83 2711 155 2756 γάρ
181 2709 365 2766 ἀναβῆναι
389 2711 436 2754 ἠν
468 2709 542 2746 ἐκεῖ
570 2712 664 2747 κατὰ
690 2710 732 2750 τὸ
765 2727 891 2755 παρα

83 2757 200 2802 νηὸς
233 2755 408 2802 ἀνήιον
442 2758 549 2800 (146,
573 2759 662 2799 274,
693 2760 803 2804 446),
842 2762 894 2800 εἰς

83 2804 152 2849 τήν
173 2806 313 2848 Κίρκην
332 2804 475 2849 δηλαδή
513 2803 585 2848 ἔχει
602 2805 641 2840 δέ
661 2818 743 2841 τινα
763 2807 804 2842 τὸ
827 2806 891 2850 ρη-

83 2851 156 2886 θὲν
174 2850 380 2895 ὁμοιότητα
397 2865 457 2886 και
474 2851 566 2892 πρὸς
585 2849 627 2885 τὸ
652 2849 697 2893 ἐς
723 2852 893 2897 Τρώων

87 2897 176 2955 (εἷο)
207 2897 385 2933 κατέδυ
417 2896 561 2933 πόλιν
595 2895 895 2944 εὐρυάγυιαν

88 2943 151 2987 (δ’,
175 2945 295 2988 246).
294 2963 339 2969 —
372 2944 451 2979 καὶ
475 2942 682 2989 ἀνοίῃκῃ,
704 2948 757 2980 vcl
780 2959 895 2980 ueces-

87 2968 214 3034 duite,
237 3002 297 3025 seu
323 2990 379 3034 vi,
412 2991 441 3024 si
466 2991 680 3025 noluerimus.
730 2993 802 3027 Am.
827 2994 895 3034 Q:

933 1921 1133 1981 ἀπορήσειε
1158 1920 1197 1960 δ’
1224 1922 1270 1958 ἄν
1294 1936 1363 1966 τις,
1387 1923 1468 1962 πῶς
1492 1920 1512 1958 ὁ
1534 1917 1751 1964 Εύρύλοχος

933 1971 1048 2014 λέγει,
1071 1969 1122 2015 μὴ
1140 1969 1317 2006 εἰσελθὼν
1343 1971 1395 2011 εἰς
1414 1969 1482 2014 τὴν
1503 1971 1654 2011 Κίρκην.
1689 1965 1750 2001 άλ-

935 2019 981 2054 λοὶ
1004 2017 1135 2061 ῥητέον
1159 2016 1217 2052 ὅτι
1237 2015 1459 2060 ἐστοχάσατο
1485 2013 1560 2050 άπὸ
1583 2016 1658 2049 τῶν
1677 2011 1749 2056 πρὸ

935 2066 1002 2109 τῆς
1017 2064 1144 2108 θύρας
1162 2063 1464 2107 προσσαινόντων
1482 2060 1583 2108 αὐτῷ
1602 2060 1752 2104 ἀνθρω-

935 2114 1063 2151 πίνως
1095 2128 1132 2135 -
1155 2111 1442 2154 μέσσαυλον,
1469 2112 1619 2143 caulam.
1647 2108 1687 2142 ΙΙ.
1708 2105 1752 2148 λ’,

936 2157 1004 2193 548
1024 2163 1092 2191 etc.
1114 2176 1159 2181 —
1203 2155 1223 2194 6
1257 2155 1461 2200 θρασύς.
1507 2155 1626 2190 eodem
1649 2165 1752 2188 sensu

935 2203 1132 2245 πολύτλας,
1158 2204 1218 2237 der
1240 2205 1447 2248 Helumger,
1473 2201 1540 2235 dici
1561 2201 1662 2240 solet,
1685 2211 1753 2234 non
1806 2221 1808 2223 -

936 2250 1147 2296 patientiae,
1177 2262 1277 2294 quam
1301 2250 1464 2284 virtutem
1490 2258 1665 2282 servorum
1690 2258 1754 2300 po-

937 2297 1008 2330 tius
1033 2308 1132 2340 quain
1154 2296 1335 2330 liberorum
1361 2295 1529 2330 hominum
1552 2305 1618 2327 non
1641 2291 1753 2336 magni

937 2342 1165 2376 aestimabant
1196 2343 1347 2383 Graeci;
1383 2353 1494 2395 neque
1527 2339 1559 2374 ei
1593 2338 1754 2382 congruit

936 2389 979 2424 τό
1015 2386 1202 2432 πολύμητι
1236 2390 1299 2424 καὶ
1332 2384 1623 2442 πολυμήχανον,
1661 2383 1753 2429 quod

937 2435 1082 2469 attribui
1113 2436 1200 2468 solet
1224 2435 1355 2481 Uiyssi.
1397 2431 1578 2471 v.11.c'‚
1603 2433 1684 2466 676.
1718 2435 1754 2464 et

936 2481 1091 2536 inprimis
1117 2478 1161 2522 κ’,
1185 2482 1267 2517 231.
1287 2501 1334 2507 -
1376 2478 1544 2516 ατασθ.
1572 2477 1753 2513 ὄλοντο.

937 2526 985 2568 α’,
1011 2529 1032 2561 7
1054 2532 1120 2560 etc.

985 2571 1207 2608 439—450.
1253 2571 1303 2614 λ’,
1327 2573 1419 2614 231,
1444 2571 1483 2605 Ii.
1509 2567 1568 2612 π’,
1590 2568 1671 2603 473.
1707 2568 1754 2603 cf.

941 2621 1018 2662 166,
1046 2617 1090 2663 β’,
1108 2620 1173 2654 321,
1202 2623 1270 2653 etc.
1288 2639 1334 2644 —
1369 2621 1441 2652 Αιῐι.
1463 2618 1520 2650 R:
1545 2617 1754 2672 πηῷπερ

937 2664 1079 2701 ἐόντι.
1114 2666 1267 2721 γαμβρῷ
1296 2678 1359 2709 μοι
1384 2664 1463 2700 ὄντι
1488 2662 1546 2698 ἐπὶ
1573 2663 1618 2707 τῇ
1643 2660 1754 2696 ἀδελ-

939 2714 993 2758 φῇ
1031 2711 1204 2757 Κτιμένῃ.
1248 2714 1292 2746 de
1325 2711 1490 2745 vocabulo
1522 2708 1620 2753 πηὸς
1656 2721 1688 2741 v.
1716 2707 1754 2744 n.

937 2773 981 2804 y,
1008 2760 1098 2799 163,
1124 2758 1168 2792 de
1193 2757 1349 2792 Ctimene
1367 2755 1417 2797 o',
1443 2757 1524 2791 363.
1544 2775 1588 2780 —
1622 2753 1755 2789 ἐάσο-

939 2817 1042 2850 μεν,
1069 2804 1242 2842 ἐ-ωιιεν,
1262 2824 1306 2829 -
1344 2803 1443 2847 νηῒ,
1468 2802 1569 2844 νῆα.
1603 2800 1754 2854 repetitq

941 2853 1048 2886 verbo
1084 2850 1231 2883 irrident
1263 2850 1443 2884 stultitiam
1479 2846 1754 2892 Ειιι)10(;1ιῐ,εἰ

940 2897 1104 2932 manserit
1122 2909 1175 2940 ap.
1188 2908 1318 2929 ιιιινιιιι.
1331 2915 1377 2920 -
1402 2894 1553 2938 ἕγκπα
1565 2896 1647 2928 λον
1667 2892 1754 2928 ἐνι-

940 2943 1044 2987 πήν.
1084 2954 1118 2976 v.
1149 2941 1196 2982 ε’,
1221 2941 1288 2977 446
1308 2947 1372 2976 etc
1421 2940 1600 2984 κρατερήν
1625 2939 1675 2975 ἐν.
1701 2939 1753 2973 di-

944 2990 993 3025 xit
1018 2989 1057 3024 n.
1083 2986 1131 3031 ε’,
1157 2989 1235 3024 492
1257 3009 1302 3015 —
1344 2987 1595 3030 ἐνδυκέως.
1629 2986 1685 3022 65.
1713 3003 1755 3009 -·
