1846 3282
552 133 1134 177 ΟΔΤΣΣΕΙΛΣ
1188 136 1243 176 K.

1674 140 1732 181 59

243 244 454 316 φάρμακα
484 243 632 300 λύγρ’,
663 246 738 289 ἵνα
767 244 910 300 πάγχυ
940 245 1152 288 λαθοίατο
1159 248 1393 316 πατρίδος
1424 251 1537 306 α’ίης.

242 301 384 370 αὐτὰρ
414 302 505 346 ἐπεὶ
534 302 674 346 δῶκέν
702 318 770 354 τε,
799 304 873 345 καὶ
904 301 1081 354 ε’,κπιον
1116 301 1264 344 αὐτίκ’
1294 303 1438 347 ἔπειτα

245 357 392 428 ῥάβδῳ
419 363 663 415 πεπληγυῖα
690 358 802 403 κατὰ
833 363 1065 413 συφεοῖσιν
1094 358 1263 428 ἐέργνυ.

245 418 289 459 οἱ
317 415 363 459 δὲ
392 419 514 458 συῶν
541 417 621 471 μὲν
650 416 749 472 ἔχον
769 415 995 486 Ξιεφαλάς,
1026 415 1189 485 φωνήν
1211 431 1275 466 τε,
1305 416 1453 471 τρίχας
1480 433 1539 470 τε,

131 474 214 518 240
243 472 317 516 καὶ
345 471 499 527 δέμας,
533 472 672 526 αὐτάρ
702 476 810 522 νοῦς
838 474 894 527 ἠν
923 472 1124 527 ἔμπεδος,
1156 488 1216 523 ως
1243 471 1294 514 τὸ
1324 473 1466 527 πάρος
1494 491 1587 529 περ.

242 527 302 579 ὡς
331 531 376 571 οἱ.
403 529 482 582 μὲν
507 532 733 580 κλαίοντες
762 530 958 583 ἐέρχατο·
987 534 1101 572 τοῖσι
1131 528 1178 572 δὲ
1205 530 1350 596 Κίρκη

241 583 350 638 παρ’
381 585 548 629 ἁκυλον
577 584 773 642 βάλανόν
802 585 843 627 τ’
877 586 1051 656 ἔβαλεν,
1080 584 1254 640 καρπόν
1283 601 1326 627 τε
1355 587 1572 642 κρανείης,

241 641 439 697 ε’δμεναι,
471 640 544 687 οἷα
571 643 672 694 σύες
700 641 1014 698 χαμαιευνάδες
1044 643 1136 685 αἰὲν
1166 642 1358 686 ἔδουσιν.

569 733 707 768 nuntiat
730 744 801 767 rem
825 733 894 778 ΠΙ)
898 732 945 766 ssi
969 732 1200 778 Eurylochus.

319 800 577 870 Εὐρύλοχος
606 799 648 844 δ’
679 798 778 851 αἶψ’
808 795 917 856 ἦλθε
945 799 1063 854 θοην
1093 799 1163 843 ἐπὶ
1192 803 1277 870 νῆα
1307 799 1528 855 μέλαιναν,

127 858 210 903 245
243 854 446 928 ἀγγελίην
474 857 641 912 ἑτάρων
672 857 805 912 έρέων
835 857 907 900 καὶ
939 856 1122 900 ἀδευκέα
1150 856 1341 912 πότμον·

189 939 199 943 -
241 913 346 958 οὐδέ
364 932 417 985 ,n
444 915 666 969 ἐκφάσθαι
695 913 859 957 δύνατο
891 914 1011 968 ἔπος,
1046 913 1214 970 ἱέμενός
1243 929 1341 966 περ,

242 975 327 1026 κῆρ
357 970 450 1026 άχεϊ
477 971 649 1028 μεγάλῳ
680 970 990 1041 βεβολημένος,
1021 971 1068 1014 5v
1097 973 1144 1014 δέ
1175 972 1220 1013 οῖ
1251 970 1355 1014 ὄσσε

242 1028 493 1098 δακρυόφιν
521 1030 795 1096 πίμπλαντο,
825 1027 935 1097 γόον
964 1027 1008 1070 δ’
1041 1026 1166 1070 ω’ΐετο
1194 1026 1355 1082 θυμός.

240 1081 339 1127 ἀλλ’
368 1083 440 1128 ὅτε
471 1085 523 1140 δή
553 1101 630 1140 μιν
658 1083 816 1135 πάντες
828 1083 1122 1153 ἀγασσάμεθ’
1152 1084 1400 1137 ἐξερέοντες,

130 1143 214 1187 250
241 1141 316 1185 καὶ
343 1141 444 1185 τότε
472 1146 562 1185 τῶν
591 1142 736 1185 άλλων
766 1141 931 1195 ἑτάρων
959 1142 1182 1193 κατέλεξεν
1212 1141 1424 1193 ὄλεθρον·

322 1197 558 1254 ,,”Ηιομεν,
592 1215 652 1249 ως
683 1198 894 1250 ἐκέλευες,
927 1196 1011 1241 ἀνὰ
1042 1198 1207 1253 δρυμὰ,
1248 1195 1424 1265 φαίδιμ’
1453 1194 1676 1240 Ὀδυσσεῦ.

244 1252 432 1310 εὕρομεν
463 1256 512 1299 έν
540 1254 729 1312 βήσσῃσι
758 1254 994 1312 τετυγμένα
1024 1255 1202 1312 δώματα
1231 1253 1344 1299 καλά

123 1376 336 1415 238-243.
382 1381 456 1414 Am.
483 1380 546 1421 Qu
565 1379 726 1438 ράβδφ
750 1382 880 1415 πεπλ.

78 1422 173 1465 πρὸς
191 1424 259 1469 τήν
279 1424 452 1470 γοήτειον
472 1427 534 1462 καὶ
554 1425 577 1472 ἡ
595 1429 712 1471 πληγή
733 1429 798 1469 τῆς
816 1425 882 1468 ῥά-

78 1469 188 1527 βδου
201 1470 307 1515 ἐνήρ)
311 1484 340 1507 ει
367 1473 432 1516 (cf.
455 1474 606 1517 ejusdem
626 1485 702 1506 ann.
723 1474 766 1507 ad
782 1475 882 1517 293),

78 1516 141 1550 καὶ
165 1514 260 1558 ολως
284 1518 322 1552 αὶ
347 1517 482 1575 ῥάβδοι
514 1533 588 1554 των
612 1522 715 1554 θεῶν
741 1519 882 1563 ἔνεργοι

76 1559 170 1606 παρ’
192 1562 356 1621 Ὁμήρῳ.
400 1565 539 1607 πλήξας
565 1559 634 1601 οὖν
660 1566 714 1624 τῷ
736 1564 880 1608 σκήπω-

74 1620 114 1643 νι
136 1608 228 1650 τούς
248 1611 408 1651 Αἴαντας
431 1608 451 1647 6
481 1613 673 1647 Ποσειδῶν
698 1610 803 1654 ἐνῆκε
820 1611 882 1655 με’-

77 1667 141 1696 νος
164 1656 226 1700 (Il.
250 1654 294 1699 ν’,
317 1659 400 1701 59),
435 1671 467 1692 κ.
493 1656 629 1703 Ἀθηνᾶ
661 1658 728 1693 τὸν
751 1656 883 1694 Ὀδυσ-

77 1701 142 1738 σεόι
173 1701 305 1759 ῥάβδῳ
345 1706 552 1749 πεπληγυῖα
581 1704 695 1740 πάλιν
734 1703 883 1762 ἐποίησε

76 1747 232 1805 γέροντα
254 1747 320 1793 (ν’,
353 1751 462 1794 429),
503 1764 535 1785 κ.
561 1748 580 1786 6
601 1751 738 1796 Ερμῆς
761 1749 883 1796 ὥσπερ

75 1796 184 1840 τιμίω
208 1791 311 1851 ὅπλῳ
329 1797 462 1841 χρῆται
486 1794 594 1844 αὐτῇ,
617 1800 668 1844 τῇ
695 1799 787 1834 τῶν
811 1798 884 1833 ἀν-

80 1843 208 1885 δρῶν
239 1839 431 1884 ὄμματα
455 1845 621 1887 θέλγει
644 1858 676 1880 κ.
707 1858 740 1879 τ.
766 1847 796 1880 λ.
824 1844 882 1888 (ε’,

78 1887 154 1932 47.)
178 1888 303 1922 oblitus
327 1894 380 1922 est
402 1901 588 1925 memorare
605 1891 722 1936 virgas
743 1903 803 1925 seu
822 1892 886 1925 ba-

80 1935 178 1968 culos
209 1945 347 1978 regum,
381 1936 663 1982 magistratuum,
697 1943 882 1979 oratorum,

80 1985 215 2024 vatum,
256 1986 450 2026 pastorum:
490 1995 525 2016 v.
570 1995 647 2020 anu.
683 1984 726 2018 ad
761 1984 801 2017 ΙΙ.
835 1983 882 2026 α’,

79 2027 135 2062 15.
179 2032 216 2061 et
257 2027 349 2061 infra
391 2028 434 2062 ad
469 2029 550 2063 277.
590 2051 635 2056 -
687 2026 804 2064 κατὰ
837 2050 883 2055 --

77 2071 260 2118 ἐέργνυ.
292 2073 419 2108 tmesis,
451 2075 556 2109 semel
581 2075 669 2110 dixit
691 2088 754 2122 pro
777 2076 882 2112 κατέ-

76 2131 167 2175 εργε.
218 2138 264 2145 —-
311 2125 608 2164 συφεοῖσιν,
651 2123 760 2156 haris.
818 2135 881 2158 συ-

80 2164 191 2211 φειὸν
214 2165 303 2200 dixit
326 2168 405 2202 389.
453 2168 503 2202 E:
537 2167 715 2213 συφεὸς
740 2168 759 2205 ὁ
788 2167 880 2210 σύας

82 2212 225 2257 φέρων,
261 2209 284 2256 ἢ
316 2211 408 2253 σύας
450 2216 632 2256 πιαίνων,
671 2227 760 2260 quae
794 2227 880 2249 cave

79 2259 218 2304 integra
257 2269 335 2293 esse
368 2263 490 2305 putes,
531 2262 593 2296 sed
625 2263 719 2296 sorte
752 2262 881 2296 excidit

81 2303 266 2350 explicatio
298 2307 367 2340 τοῦ
400 2309 562 2350 συφεοῦ,
607 2320 761 2354 quaeque
792 2320 881 2342 nunc

79 2351 259 2395 leguntur,
294 2351 385 2386 haud
415 2354 521 2388 dubie
546 2355 724 2400 pertinent
750 2354 793 2389 ad
817 2366 880 2387 vo·

81 2398 159 2432 cab.
185 2397 393 2453 συφορβὸς,
417 2401 474 2434 cui
490 2406 533 2434 ut
557 2406 770 2445 congruant,
795 2401 883 2434 scri·

77 2443 196 2478 bemus
225 2441 373 2490 φέρβων
397 2456 459 2490 pro
485 2445 626 2491 φέρων,
664 2459 752 2492 quae
775 2449 883 2481 verba

79 2489 182 2524 etiam
206 2491 298 2533 apud
320 2491 634 2535 epigrammatarius
658 2494 802 2528 confusa
823 2494 881 2527 de-

81 2535 268 2581 prehendit
290 2536 481 2571 Jacobsius.
531 2540 724 2584 subjecerat
749 2539 779 2572 Ε
809 2540 884 2583 ejus

80 2581 244 2616 vocabuli
276 2582 593 2638 interpretationem
626 2587 695 2620 τοῦ
727 2587 883 2628 συφεοῦ,

77 2631 238 2673 tanquam
265 2628 363 2662 verbi
393 2631 550 2674 cognati3
574 2631 733 2666 librarius
758 2638 883 2674 autem,

80 2674 190 2709 oculis
213 2675 377 2709 aberrans
401 2686 419 2708 a
447 2679 584 2720 συφεὸς
611 2678 654 2712 ad
679 2678 786 2712 simile
821 2690 883 2713 συ-

81 2719 237 2776 φορβός,
257 2720 383 2767 prioris
407 2721 499 2756 illius
521 2723 779 2768 explicationem
800 2725 885 2759 omi-

79 2767 138 2802 sit.
153 2786 198 2793 —
223 2768 277 2802 E=
303 2767 465 2812 φωνήν
487 2781 540 2804 τε.
567 2771 737 2827 χοίρειος
746 2770 785 2806 δε
805 2784 883 2814 φω-

81 2811 128 2859 νὴ
151 2813 215 2849 καὶ
238 2811 258 2849 6
279 2814 502 2859 γρυλλισμός.
529 2813 622 2852 ’ὅθεν
639 2814 737 2853 καὶ
721 2831 741 2853 ο
761 2817 884 2853 Πλού-

81 2873 216 2919 ταρχος
249 2860 417 2918 Γρύλλον
447 2861 578 2898 ἐπλασέ
600 2875 684 2898 τινα
717 2877 790 2899 των
814 2865 884 2900 τοῦ

82 2903 287 2964 Ὀδυσσέως
325 2907 481 2951 ἑταίρων
522 2908 780 2952 διαλεγόμενον
830 2912 885 2957 τῷ

78 2949 268 2990 Ὀδυσσεῖ.
324 2979 348 2996 ,,
340 2955 454 2994 ‚C'est
487 2954 505 2987 ἓι
541 2968 580 2990 ce
606 2967 750 3001 passage
781 2958 835 3003 qu'
839 2969 882 2992 on

83 2998 158 3035 doit
196 3000 410 3036 l'excellente
455 3001 676 3046 plaisanterie
716 3004 777 3038 dea
816 3015 878 3049 pe-

926 1379 986 1413 tits
1005 1380 1148 1414 cochons
1166 1381 1389 1424 larmoyants·‚
1415 1379 1588 1414 attribu&
1610 1390 1631 1413 a
1651 1379 1734 1414 Ζοῖ-

928 1426 981 1468 le,
1016 1433 1051 1460 et
1074 1429 1258 1471 rapport&
1283 1438 1347 1471 par
1370 1426 1503 1470 Longin
1532 1426 1651 1471 (chap.
1687 1427 1736 1467 7.,

928 1472 1018 1506 trad.
1046 1473 1088 1506 de
1112 1473 1276 1514 Boileau,
1307 1478 1334 1506 t.
1360 1473 1409 1513 4.‚
1435 1484 1471 1517 p.
1495 1473 1587 1513 275„
1612 1472 1668 1506 ed.
1693 1472 1738 1506 de

928 1518 1143 1562 St.-Marc)‚
1178 1519 1237 1564 qui
1270 1519 1316 1552 du
1350 1523 1444 1552 reste
1476 1529 1530 1560 ne*
1551 1518 1585 1552 la
1610 1519 1737 1562 desup-

928 1575 1059 1609 prouve
1079 1567 1237 1610 pas-“-
1255 1567 1300 1599 D.
1313 1565 1535 1599 Montbel.—
1557 1567 1630 1600 Am.
1643 1565 1688 1605 Q.
1701 1569 1738 1599 et

930 1611 990 1645 B.:
1011 1610 1217 1655 ἔμπεδος
1237 1610 1308 1654 (θ’,
1321 1611 1388 1645 453
1399 1612 1486 1654 etc.)
1503 1610 1663 1655 ἑδραῖος,
1678 1609 1738 1656 {352-

929 1658 1047 1700 βαιος,
1066 1657 1116 1701 μὴ
1139 1656 1470 1701 συνακολουθήσας
1486 1660 1565 1698 τοῖς
1581 1660 1740 1697 λοιποῖς.

931 1703 1073 1737 animum
1110 1709 1319 1738 constantem
1366 1716 1428 1738 seu
1460 1703 1562 1737 fidum
1597 1702 1763 1754 {lm-53⁰⁶„

932 1749 1158 1807 φρονήματα
1190 1750 1278 1785 dixit
1312 1750 1485 1795 Tragicus
1511 1750 1628 1794 Antig.
1659 1751 1739 1787 155.

931 1816 975 1821 -—
999 1793 1100 1841 παρ’
1125 1816 1172 1824 -
1197 1795 1381 1852 ἔβαλεν.
1413 1796 1542 1831 tmesis.
1569 1799 1649 1833 Am.
1670 1797 1735 1838 Q.:

932 1840 1114 1879 ἄκυλόν
1149 1856 1240 1888 φησι
1271 1841 1339 1878 τόν
1361 1844 1427 1886 τῆς
1450 1844 1585 1887 πρίνου
1618 1848 1739 1888 (quer-

931 1901 989 1923 cus
1013 1891 1101 1924 ilicis
1125 1891 1223 1924 Linn.
1216 1916 1238 1933 .‚
1262 1901 1353 1936 quae
1376 1901 1482 1934 germ.
1507 1894 1655 1924 vocatur
1682 1891 1738 1924 die

929 1940 1044 1981 grtiae
1063 1938 1186 1972 Eiche:
1221 1948 1255 1969 v.
1281 1936 1490 1970 Billerbeck.
1515 1935 1610 1969 Flor.
1636 1936 1737 1971 class,

929 1984 1069 2035 1³:232·
1104 1987 1139 2017 et
1163 1982 1261 2026 241.)
1303 1981 1470 2025 καρπὸν,
1505 1980 1668 2026 βάλανον
1697 1981 1738 2018 δὲ

928 2027 994 2072 τῆς
1018 2029 1133 2073 δρυός
1157 2030 1317 2073 (quercus
1336 2029 1468 2062 roboris
1489 2028 1604 2070 Linn.,
1629 2041 1738 2072 germ.

930 2076 992 2108 cler
1013 2076 1224 2111 Steineiche·
1249 2087 1282 2108 v.
1301 2074 1444 2111 Billerb.
1468 2074 1490 2108 l.
1517 2087 1546 2108 c.
1571 2087 1606 2120 Ρ.
1625 2077 1739 2120 231..)

926 2122 1111 2165 καρπόν
1134 2135 1181 2157 τε
1204 2134 1349 2165 κραν.,
1383 2120 1451 2157 τὸν
1482 2122 1548 2164 τῆς
1580 2121 1739 2166 κρανέας

925 2168 1081 2211 (κρανέα
1103 2180 1165 2203 seu
1190 2170 1325 2212 κρανία
1361 2172 1397 2202 et
1421 2179 1475 2213 ap.
1511 2168 1610 2204 Hom.
1647 2168 1739 2211 κρά-

925 2226 1008 2249 νεια
1042 2219 1096 2249 est
1132 2227 1254 2249 cornus
1284 2215 1387 2249 Linn.
1430 2226 1466 2248 v.
1498 2213 1538 2248 Il.
1562 2212 1612 2258 π’,
1636 2216 1738 2258 767.)

925 2261 1090 2305 καρπόν,
1123 2258 1165 2302 ὃς
1185 2262 1331 2305 πίταξις
1364 2261 1414 2304 (Ε
1436 2261 1624 2304 πίτταξις,
1656 2263 1739 2298 Sch.

925 2309 1125 2352 πίτταξυς)
1149 2309 1387 2349 καλεῖται,οὶ
1414 2307 1454 2343 δὲ
1479 2305 1675 2364 βάρβιλος,
1700 2309 1738 2344 οὶ

929 2353 969 2389 65
994 2355 1150 2399 μάραος.
1176 2374 1219 2380 —-
1265 2353 1647 2400 χαμαιευνάδες,
1673 2356 1739 2389 hu-

929 2403 978 2435 πιι·
1001 2403 1176 2436 cubantes.
1211 2399 1253 2443 ξ’,
1288 2403 1342 2437 15.
1374 2402 1487 2436 Sellos
1513 2400 1740 2447 χαμαιεύνας

930 2447 1020 2482 dixit
1044 2447 1081 2483 Il.
1105 2446 1155 2488 π,
1179 2449 1260 2484 235.

976 2494 1102 2530 245-
1114 2473 1194 2530 252.
1225 2491 1439 2530 ἀδευκέα
1461 2492 1669 2537 πότμον,
1701 2496 1741 2528 ut

931 2537 1076 2597 ὀλέθρῳ
1106 2538 1256 2576 ἀδευκέι·
1278 2540 1325 2582 δ’,
1350 2540 1429 2576 489.
1455 2540 1581 2593 alioqui
1607 2540 1739 2575 mallem

930 2585 1057 2622 ἀεικέα
1081 2600 1135 2628 π.,
1163 2587 1252 2632 quod
1280 2599 1386 2631 saepe
1411 2585 1518 2627 dixit,
1544 2598 1606 2631 pro
1628 2597 1739 2642 eoqqe

930 2632 1076 2678 proclivi
1110 2633 1208 2673 lapsu
1248 2633 1411 2679 scriptum
1437 2614 1666 2667 existimarem
1696 2631 1737 2667 ἀ-

930 2679 1063 2715 δευκέα
1086 2680 1299 2723 (ΑΕΙΚΕΑ,
1329 2681 1557 2721 ΑΔΕῙΚΕΑ,
1585 2682 1739 2714 ΑΔΕΤ-

931 2729 1061 2784 KEA).
1112 2728 1183 2762 Am.
1219 2727 1286 2767 Q.:
1325 2724 1549 2761 ἀδευκέα.
1589 2724 1737 2770 πικρὸν,

931 2770 1188 2829 ἀνιστόρητον,
1213 2771 1503 2829 απροσδόκητον.
1525 2791 1569 2797 -
1595 2772 1737 2817 ἐκφά-

930 2823 1056 2855 σθαι.
1092 2818 1135 2862 ν,
1173 2821 1254 2854 308.
1288 2839 1330 2844 -
1376 2817 1484 2863 ἄχεϊ
1511 2830 1605 2863 μεγ.
1638 2821 1733 2867 βεβ.

929 2867 969 2901 ΙΙ.
996 2865 1030 2908 ι’,
1057 2868 1090 2902 9.
1114 2885 1160 2890 -—
1195 2865 1242 2901 ἐν
1266 2865 1315 2901 δέ
1340 2864 1639 2922 οὶ-θυμός-
1685 2868 1734 2902 εἰ·

930 2913 1055 2947 militer
1079 2911 1126 2954 ν’,
1151 2913 1230 2948 348.
1267 2913 1312 2948 cs.
1339 2910 1374 2954 ι’,
1397 2914 1477 2949 213.
1502 2932 1546 2938 -
1572 2911 1731 2958 ἀγασσ.

930 2958 976 3000 6'‚
1002 2962 1078 2994 181.
1105 2978 1150 2983 -
1188 2955 1400 3001 εύρομεν.
1435 2959 1626 3004 asyndeton
1646 2962 1729 2996 stri·

925 2985 1004 3041 etim
1028 3004 1223 3047 narrantis,
1249 3011 1288 3041 ut
1313 3007 1347 3041 in
1373 3018 1411 3042 re
1434 3006 1581 3054 trepida.
