1846 3282
49 723 51 739 ‚
115 680 198 719 290

257 1003 384 1065 Ὣς’
369 1013 494 1071 έφατ’

0 1192 2 1235 s
46 1195 141 1230 tium.
188 1194 365 1229 Demosth.
406 1195 442 1229 in
485 1195 660 1250 Evergum
692 1198 718 1228 t.
750 1193 782 1230 4.
817 1207 851 1240 p.

0 1250 2 1253 ’
45 1243 145 1278 259.:
177 1240 406 1297 καταλαβων
429 1239 469 1276 δὲ
501 1238 618 1276 αὐτὸν
651 1239 719 1276 οὐκ
744 1240 853 1276 ἔνδον

46 1287 148 1329 ὄντα,
171 1288 338 1323 ἐκέλευσα
364 1286 432 1330 τήν
449 1286 653 1331 ἄνθρωπον
668 1284 736 1331 τήν
752 1301 851 1322 υπα-

45 1333 231 1370 κούσασαν
272 1337 461 1391 μετελθεῖν
503 1332 632 1369 αὐτόν.
681 1334 850 1368 Lucienus

46 1381 149 1416 Asino
173 1383 226 1416 2..
253 1380 376 1416 κόπτω
401 1379 468 1424 τήν
493 1379 638 1424 θύραν,
662 1381 723 1415 καὶ
746 1380 850 1438 μόλις

42 1440 110 1471 μεν
140 1440 172 1462 κ.
205 1426 391 1471 βραδέως,
427 1425 618 1470 ὑπήκουσε
651 1425 691 1462 δ’
725 1423 794 1462 οὖν
823 1425 847 1472 ἡ

41 1472 154 1520 γυνή.-
180 1474 239 1508 ubi
263 1484 415 1518 nuperus
438 1473 656 1519 interpres.

83 1542 280 1578 285—289.
315 1540 506 1574 Aristarchi
530 1540 739 1574 auctoritate
761 1541 845 1574 haec

37 1588 186 1623 'deletum
209 1593 291 1621 eunt
315 1587 381 1620 viri
402 1586 511 1623 docti
537 1586 696 1632 quoniam
717 1587 846 1620 Anticli

36 1646 102 1668 non
131 1635 173 1668 fit
205 1633 330 1668 mentio
363 1633 454 1666 inter
488 1632 593 1666 duces
629 1633 842 1667 Graecorum

32 1680 216 1737 Catalogo‚
241 1678 317 1715 ε’πεὶ
341 1677 379 1714 ἐν
398 1677 527 1714 Ἰλιάδι
552 1691 597 1713 ου
620 1678 844 1723 μνημονεύει

32 1725 211 1762 Ἀντίκλον
246 1723 265 1763 6
297 1738 356 1766 π.,
389 1732 427 1759 ut
457 1730 576 1759 narrat
607 1727 679 1759 Αιιι.
705 1726 750 1766 Q
779 1726 840 1760 sed

34 1773 109 1818 ipse
141 1772 269 1807 refellit
301 1751 487 1806 Criticum:
530 1768 614 1806 ἀλλ’
650 1770 761 1806 ου’ὁὲν
796 1771 838 1806 τὸ

32 1819 176 1855 κωλύον
201 1816 246 1854 οὗ
271 1818 420 1875 βασιλέα
444 1816 535 1854 ὄντα
557 1818 716 1859 τοῦτον,
750 1816 841 1855 α’λλὰ

32 1868 223 1922 γενναῖον,
265 1866 317 1904 εἰς
349 1864 418 1910 τήν
456 1863 607 1908 ἐνέδραν
638 1866 837 1919 ταχθῆναι,

34 1925 80 1947 ου
102 1912 176 1946 τῶν
197 1907 387 1956 ηγεμόνων
408 1909 538 1955 μόνον,
565 1908 655 1945 άλλοὶ
677 1911 739 1946 καὶ
764 1914 838 1947 τῶν

33 1956 152 1993 ἄλλων
175 1957 389 1999 ἐπιλέκτων,
413 1957 471 1994 ἐπὶ
494 1957 564 2002 τήν
587 1959 723 2000 πρᾶξιν
748 1955 837 2004 ᾑρη-

27 2004 156 2059 μένων.
204 2002 416 2061 ἄριστον
439 2005 511 2039 νῦν
535 2005 636 2047 (f.ort
662 2001 764 2046 ουν.)
789 2005 835 2041 οὐ

30 2052 83 2097 τῷ
106 2049 310 2094 ἀξιώματι,
346 2048 438 2086 ἄλλα
461 2051 508 2097 τῇ
531 2050 683 2096 οἷνδρείᾳ
708 2055 834 2095 φησίν.

27 2099 72 2132 cf.
96 2098 141 2132 Ε.
187 2098 304 2132 Harl.
339 2096 358 2133 ὁ
380 2095 568 2139 Ἀντικλος
591 2095 631 2132 ἐκ
661 2098 731 2133 τοῦ
756 2098 834 2133 Κύ-

25 2147 125 2180 κλου.
155 2145 223 2180 οὐκ
247 2142 473 2189 ἀνεφέροντο
500 2142 541 2179 δὲ
565 2142 726 2188 σχεδὸν’
709 2158 748 2180 εν
763 2145 834 2180 πά-

0 2225 1 2231 ,
24 2201 106 2231 σαις
130 2190 166 2225 οἱ
187 2190 295 2226 πέντε
318 2190 580 2236 (285-289.).
605 2189 651 2226 τά
674 2190 743 2235 γάρ
768 2193 834 2236 τῆς

24 2236 227 2277 διαθέσεως
254 2238 315 2281 (Ιι.
342 2238 660 2282 ε.αηιρ1ξ]ι“οαίίο.)
692 2237 830 2283 ψυχρά.

21 2294 111 2328 quae
148 2295 192 2318 ne
224 2283 300 2328 ipsa
338 2284 475 2329 quidem
511 2283 642 2328 pondus
679 2284 829 2319 habent:

22 2340 97 2362 nam
128 2330 219 2374 quod
252 2331 313 2364 hos
345 2341 466 2364 versus
499 2331 574 2364 fere
598 2341 663 2363 non
698 2330 800 2375 legi‘
792 2343 827 2364 ιιι

21 2374 122 2408 codd.
146 2375 232 2409 dicit
253 2376 388 2418 Schol„
413 2376 448 2410 id
474 2388 569 2410 nemo
594 2376 748 2418 miretur,
771 2388 827 2411 se-

21 2421 208 2475 quentibus
225 2421 395 2466 plerisque
416 2422 567 2457 librariis
591 2422 826 2458 recensionem

19 2466 221 2501 Aristarchi.
267 2468 355 2512 quod
379 2480 462 2502 vero
486 2467 646 2510 subiicit,
679 2469 823 2514 frigere,

18 2512 135 2547 eodem
156 2513 234 2557 jure
257 2513 443 2549 delebimus
465 2513 520 2558 ψ’,
544 2516 599 2551 76.
622 2521 658 2549 et
676 2516 732 2551 77.
761 2527 823 2550 nec

15 2559 45 2592 si
87 2559 178 2603 quod
219 2571 338 2593 nomen
374 2561 529 2595 occurrit
560 2572 614 2615 ap.
649 2561 701 2605 cy
705 2561 822 2605 clicos,

14 2610 203 2650 propterea
237 2610 291 2639 est
324 2605 366 2639 ab
400 2606 548 2641 Homero
581 2608 656 2652 ipso
683 2608 820 2651 abjudi—

13 2651 168 2685 candum.
218 2655 398 2696 praeterea
424 2653 600 2698 expunctis
625 2653 720 2686 hisce
739 2665 820 2687 ver-

11 2696 105 2731 sibus
137 2697 338 2742 imperfecta
379 2702 432 2731 est
463 2699 613 2733 narratio
646 2699 819 2742 Menelai,

12 2743 102 2787 quod
127 2749 309 2778 senserunt
334 2745 366 2778 N
392 2750 429 2777 et
452 2744 493 2779 B.
523 2764 568 2769 —
604 2744 709 2781 ἔνθ’
734 2743 816 2780 ἅλ-

12 2790 153 2824 λοι-
179 2789 299 2826 ἔσαν.
330 2790 377 2836 β,
401 2791 447 2825 82
472 2793 538 2823 etc.
574 2809 616 2817 -
651 2793 812 2828 Am.13.=

10 2831 90 2870 ἐπὶ
111 2835 342 2879 μάστακα.
366 2835 528 2878 gueninga
547 2833 614 2881 τήν
631 2837 812 2882 μάστακα,
859 2838 933 2873 dem
959 2842 1038 2880 673,
1065 2839 1145 2880 674,

541 110 1125 152 ΟΔΤΣΣΕΙΑΣ
1178 114 1232 152 A.

1643 118 1726 158 127

235 217 333 262 ἀλλ’
362 217 571 269 Ὀδυσενς
598 218 810 273 κατέρυκε
838 218 913 262 καὶ
943 219 1134 279 ἔσχεθεν
1147 219 1302 292 ἱεμένω
1331 236 1425 276 περ.

123 279 205 322 285
236 273 335 319 ἔνθ’
364 275 488 318 ἄλλοι
517 275 598 330 μὲν
625 275 784 327 πάντες
813 274 925 346 οἷκὴν
951 276 1056 319 ἔσαν
1085 279 1177 326 υἷες
1201 275 1397 332 Ἀχαιῶν,

223 331 451 383 ’Ἄντικλος
482 332 528 375 δὲ
563 330 653 386 σὲγ’
689 332 783 384 οἷος
813 331 1085 401 ἀμείψασθαι
1112 332 1309 377 ἐπέεσσιν

234 388 411 444 ἤθελεν·
445 386 543 432 ἀλλ’
573 389 781 440 Ὀδυσευς
811 389 881 432 ἐπὶ
911 388 1111 444 μάστακα
1138 390 1260 461 χερσὶ
1288 391 1403 444 πίεζε

230 445 453 517 νωλεμέως
481 450 740 518 κρατερῇσι,
771 445 913 489 σάωσε
942 446 989 489 δὲ
1018 446 1184 497 πάντας
1213 445 1431 501 Ἀχαιούς·

229 501 373 558 τόφρα
402 501 446 546 δ’
479 501 539 559 έχ’
542 535 554 555 ,
584 501 706 558 ὄφρα
735 514 781 546 σε
807 500 972 559 νόσφιν
1001 502 1196 560 ἀπήγαγε
1228 503 1407 556 Παλλάς
1430 503 1605 561 Ἀθηνη.
1619 509 1644 528 “

553 605 702 639 cubitum
726 607 828 646 eunt,
852 605 980 640 monitu
1004 605 1218 640 Telemachi.

289 672 378 715 T6v
407 671 449 717 6'
487 667 543 716 αὖ
578 671 825 728 Τηλέμαχος
853 673 1132 724 πεπνυμένος
1162 672 1315 717 ἀντίον
1344 674 1480 730 ηὔδα·

225 728 450 800 ,,Ἀτρείδη
479 730 677 772 Μενέλαε
711 730 954 782 διοτρεφὲς,
988 729 1149 784 ὄρχαμε
1179 734 1314 780 λαων,

225 785 398 840 α’λγιον
431 785 484 829 οὐ
513 786 599 841 γάρ
632 788 680 829 οἵ
705 803 748 829 τι
776 785 876 840 τοίγ’
905 785 1062 841 ἤρκεσε
1091 788 1258 847 λυγρὸν
1288 787 1491 844 ὄλεθρον,

226 843 330 887 οὐδ’
361 845 402 887 εἴ
430 845 474 886 οἱ
502 844 660 916 κραδίη
691 858 738 898 γε
768 843 961 914 σιδηρέη
974 844 1158 887 ε’νδοθεν
1186 848 1277 897 ήεν.

225 897 320 943 ἀλλ’
353 899 487 955 ἄγετ’,
519 902 578 950 εἰς
608 900 742 955 εὐνὴν
773 897 961 955 τράπεθ’
990 898 1148 958 ἡμέας,
1180 900 1301 955 ὄφρα
1329 901 1404 945 καὶ
1433 900 1518 959 ἤδη

108 960 191 1004 295
218 956 346 1013 ὕπνῳ
375 957 463 1000 ὕπο
483 960 691 1028 γλυκερῷ
719 956 986 1011 ταρπώμεθα
1015 958 1348 1028 κοιμηθέντες.6

510 1030 519 1038 ·
546 1012 714 1071 Ἀργείη
746 1014 786 1058 δ’
813 1012 962 1072 Ἑλένη
993 1016 1163 1072 δμωῇσι
1191 1014 1364 1059 κέλευσε

899 1196 962 1230 σαί
985 1208 1031 1230 τι.
1080 1195 1130 1229 Ε·
1137 1193 1343 1254 μάσταξ
1368 1194 1418 1232 ου’
1436 1195 1555 1240 μόνον
1579 1193 1603 1242 ἡ
1627 1210 1709 1241 τρο-

899 1241 974 1285 φὴ,
1000 1240 1050 1284 οὖς
1073 1255 1105 1277 κ.
1129 1240 1168 1276 ἐν
1194 1241 1317 1284 ἅλλοις
1342 1243 1404 1284 (ΙΙ.
1431 1241 1465 1284 ι’,
1488 1245 1620 1288 324.,)
1644 1243 1708 1279 02³.-

896 1288 943 1322 λά
966 1289 1029 1323 καὶ
1052 1288 1092 1323 τὸ
1098 1287 1249 1344 στόμα,
1275 1286 1325 1330 ὦς
1345 1289 1522 1325 ένταυθα.
1546 1310 1593 1316 -
1613 1303 1710 1332 τινες

897 1333 937 1393 δὲ
970 1336 1032 1370 καὶ
1065 1332 1106 1370 τό
1140 1339 1259 1379 χεῖλος
1293 1333 1392 1371 ου’τω
1429 1337 1555 1381 φασίν.
1603 1336 1642 1373 ἐν
1666 1337 1708 1374 δὲ

895 1379 1077 1426 ῥητορικῷ
1108 1382 1238 1428 λεξικῷ
1275 1381 1449 1426 εὕρηνται
1480 1384 1542 1418 καὶ
1566 1383 1708 1428 μάστα-

893 1440 952 1467 κες
977 1428 1016 1462 αἱ
1041 1428 1207 1472 ἀκρίδες,
1233 1441 1265 1462 κ.
1290 1430 1430 1486 λέγεται
1453 1432 1603 1466 κεῖσθαι
1619 1431 1706 1466 τοῦ-

893 1487 936 1507 το
960 1473 1062 1516 παρά
1088 1477 1276 1519 Σοφοκλεῖ
1292 1473 1331 1509 ἐν
1351 1479 1463 1511 Φινεῖ.
1488 1478 1539 1520 (v.
1554 1477 1704 1512 Brunck.

890 1518 955 1552 lex
983 1507 1086 1565 S6ph.
1113 1533 1146 1554 v,
1169 1520 1392 1575 μάστακας.)
1423 1521 1499 1558 ἐκεῖ
1528 1521 1570 1558 δὲ
1573 1523 1705 1581 Πέμφέ-

891 1577 993 1610 ρεται
1023 1580 1055 1601 κ.
1092 1564 1151 1601 ὅτι
1182 1565 1328 1611 μάσταξ
1359 1582 1399 1602 αι
1431 1568 1489 1604 ἐπὶ
1520 1571 1589 1605 τοῦ
1625 1583 1703 1605 οινω

888 1613 1032 1655 χειλους
1063 1615 1200 1658 τρίχες,
1231 1613 1385 1655 πάππος
1408 1613 1449 1651 δὲ
1474 1615 1513 1651 αἱ
1546 1614 1608 1652 ἐπι
1633 1620 1703 1653 τοῦ

889 1658 991 1693 κάτω
1017 1662 1083 1695 etc.
1132 1660 1175 1694 cf.
1201 1660 1308 1695 Schn.
1332 1662 1366 1698 h.
1391 1674 1424 1696 v.
1471 1682 1516 1688 —
1555 1668 1701 1700 νωλε-

887 1704 1018 1750 μέως.
1043 1704 1087 1747 6,
1110 1704 1178 1741 428
1203 1711 1271 1741 etc.

931 1764 1129 1798 292—295.
1176 1764 1228 1798 E:
1252 1784 1299 1790 —-
1321 1764 1363 1801 τό
1390 1764 1583 1812 ἄλγιον,
1604 1782 1699 1804 κατα

885 1811 1026 1843 τελειαν
1066 1808 1239 1854 στιχθεν,
1284 1810 1513 1856 έλλειπτικως
1556 1815 1699 1860 εἴρηται

885 1855 1007 1896 (velut
1039 1867 1145 1900 germ.
1184 1858 1281 1891 desto
1310 1860 1523 1903 schlimmcr,
1560 1863 1696 1897 franco-

883 1901 965 1944 gall.
990 1907 1067 1936 tant
1092 1903 1186 1947 pis.)
1224 1901 1307 1939 οἷντι
1331 1905 1400 1940 τοῦ
1428 1904 1595 1952 ἀλγεινόν
1621 1908 1696 1949 ἐστι

881 1947 924 1982 τὸ
957 1949 1118 1991 πρᾶγμα.
1165 1951 1286 1984 melius
1316 1951 1470 1987 dixisset
1491 1953 1558 1998 ἀλγ
1561 1956 1694 1991 εινότε-

881 2006 960 2035 ρον.
996 1995 1124 2031 Scholl.
1150 1997 1223 2029 Am.
1249 2002 1285 2032 et
1309 1998 1491 2033 Heidelb.=
1516 1999 1693 2059 ἄλγιον.

879 2038 1094 2097 δεινότερον
1136 2055 1165 2076 κ
1206 2040 1481 2089 ἐπιπονώτερον
1523 2047 1565 2083 τό
1609 2049 1692 2109 περὶ

879 2083 1059 2122 Ὀδυσσέα
1093 2085 1238 2129 παθος,
1281 2091 1318 2126 εἰ
1344 2090 1450 2146 pilton
1483 2092 1606 2138 σοφός
1638 2096 1692 2131 ὢν

881 2132 993 2169 οὐδέν
1024 2146 1060 2169 τι
1090 2132 1280 2178 ἀπήλαυσε
1312 2138 1378 2180 τῆς
1409 2141 1569 2184 σοφίας,
1603 2138 1691 2178 ἀλλ’

878 2176 953 2214 ὐπὸ
989 2181 1056 2223 τῆς
1089 2180 1311 2236 εἱμαρμένης
1321 2182 1546 2242 ἐκρατήθη,
1581 2190 1643 2225 καὶ
1667 2186 1688 2225 6

877 2225 967 2267 τούς
999 2225 1132 2268 ἄλλους
1164 2239 1284 2269 σωσας
1317 2229 1454 2267 ἑαυτὸν
1490 2245 1605 2269 σωσαι
1641 2248 1688 2271 ov

877 2271 1089 2316 δεδυνηται.
1138 2274 1182 2307 cf.
1207 2273 1254 2317 π’,
1281 2276 1367 2320 147,
1387 2276 1457 2332 ρ’,
1484 2281 1546 2322 14,
1579 2282 1618 2315 Il.
1643 2281 1687 2324 σ’,

875 2320 944 2354 278
969 2325 1035 2354 etc.
1059 2339 1106 2344 —
1130 2316 1232 2356 ov'6'
1258 2323 1321 2365 εἰ,
1350 2336 1395 2359 ου
1421 2325 1467 2369 δὴ
1493 2328 1528 2361 εἰ
1551 2332 1616 2362 etc.
1640 2347 1687 2354 —-

872 2367 1052 2411 κραδίη
1078 2367 1303 2421 σιδηρέη,
1329 2373 1584 2414 corserreum‚
1608 2374 1686 2408 ani-

870 2423 946 2446 mus
963 2412 1229 2469 imperterritus,
1247 2415 1572 2471 audacissimusque.
1595 2433 1686 2462 κρα-

870 2458 956 2503 διήν
981 2458 1128 2502 ατειρέα
1153 2457 1203 2500 ὠς
1225 2460 1378 2497 πέλεκυν
1402 2463 1490 2497 dixit
1505 2466 1545 2498 Il.
1560 2463 1684 2510 γ’,60.,

868 2515 933 2539 nec
955 2503 1094 2539 diverso
1117 2517 1219 2540 sensu
1243 2502 1335 2552 ἦτορ
1360 2509 1568 2555 σιδήρειον,
1595 2511 1683 2557 χάλ-

868 2563 976 2592 κεον,
1002 2557 1039 2587 et
1061 2552 1134 2586 sine
1157 2557 1258 2598 tropo
1284 2553 1439 2599 αλκιμον
1464 2557 1503 2591 Il.
1528 2555 1575 2603 β’,
1598 2559 1680 2617 490,

868 2608 920 2638 ε,
944 2578 1032 2637 5'29.
1066 2597 1127 2641 ω’,
1149 2600 1218 2634 205
1252 2605 1318 2635 etc.
1369 2603 1412 2636 cf.
1447 2603 1527 2639 333.
1567 2622 1614 2631 —·
1636 2603 1680 2641 6-

865 2655 968 2690 πνῳ
1003 2641 1116 2686 ὕπο,
1152 2647 1213 2678 sub
1249 2659 1386 2690 somno,
1410 2645 1516 2692 ὕπνῳ
1540 2651 1614 2696 δαμ
1617 2650 1678 2687 έν·

865 2702 933 2729 τες.
983 2702 1017 2724 ν.
1044 2689 1086 2724 ΙΙ.
1112 2690 1153 2733 ξ’,
1176 2693 1256 2728 353.
1292 2698 1328 2726 et
1361 2705 1441 2728 ann.
1475 2686 1519 2730 ad
1548 2697 1675 2742 11.m‘‚

863 2737 941 2772 636.
966 2737 1130 2781 leguntur
1154 2739 1239 2771 haec
1264 2740 1367 2773 etiam
1392 2739 1445 2784 ψ’,
1468 2742 1548 2777 255.

907 2795 1028 2829 296-
1039 2795 1118 2829 300.
1164 2794 1203 2828 Il.
1229 2792 1282 2835 ω’,
1306 2795 1416 2833 643-
1422 2797 1501 2834 648.
1532 2799 1578 2836 cf.
1603 2801 1672 2836 ibi-

1209 2841 1324 2882 ‚349,
1349 2844 1430 2885 399,
1463 2848 1498 2878 et
1521 2856 1598 2880 ann.
1626 2848 1670 2882 ad

10 2893 31 2915 ο
55 2878 127 2916 ἔστι
154 2880 196 2918 τὸ
232 2881 368 2939 στόμα,
402 2881 477 2918 ἀπὸ
509 2884 577 2918 τοῦ
603 2886 809 2927 μασᾶσθαι.
856 2886 897 2920 ΙΙ.
923 2884 957 2925 ι’,
981 2885 1059 2921 472·
1101 2891 1266 2920 notarunt
1297 2888 1517 2925 scholiastae
1549 2893 1669 2937 hyste-

6 2927 216 2970 τουτέστιν,
257 2926 277 2965 6
314 2927 392 2965 Ὀδ.
424 2931 507 2969 ταῖς
538 2930 675 2988 χερσὶν
692 2929 811 2967 αυτοῦ
855 2938 1094 2988 ronproteron.
1142 2932 1196 2966 Ε·
1222 2928 1280 2968 ότι
1306 2934 1348 2970 τὸ
1373 2937 1447 2971 ταῖν
1470 2939 1668 2995 βασιλικῶν

5 2969 160 3011 ἐκῶλυσε
191 2974 232 3012 τό
269 2975 389 3022 στόμα
415 2972 595 3013 Ἀντίιιλου
624 2975 676 3021 μή
700 2979 809 3023 λαλῆ-
854 2977 969 3022 ξένων
1010 2975 1113 3023 παρὰ
1155 2979 1335 3027 Μενελάῳ
1374 2984 1524 3029 cronium
1564 2982 1663 3022 οὕτω
