1856 3282
580 118 1162 161 ΟΛΥΣΣΕΙΑΣ
1217 120 1267 159 A.

170 236 223 278 45
255 224 330 283 »ὦ
361 229 495 285 πάτερ
526 227 724 286 ἡμέτερε,
754 229 977 284 Κρονίδη,
1010 227 1146 271 ὕπατε
1177 226 1432 282 κρειόντων,

253 288 327 331 καὶ
356 289 456 343 λίην
485 284 630 337 κεῖνός
657 303 706 342 γε
736 285 899 329 ἐοικότι
926 289 1065 329 κεῖται
1094 283 1278 344 ὀλέθρῳ.

255 344 315 395 ὦς
345 342 553 387 ἀπόλοιτο
580 343 654 386 καὶ
682 341 836 394 ἄλλος,
866 342 958 393 ὅτις
986 339 1169 385 τοιαῦτα
1199 357 1247 396 γε
1279 339 1422 398 ῥέζοι]

254 401 364 445 ἀλλά
395 417 472 456 μοι
502 398 617 455 ἄμφ’
640 398 824 454 Ὀδυσῆϊ
853 400 1067 454 δαΐφρονι
1096 399 1262 442 δαίεται
1292 400 1414 454 ἠτορ,

254 456 486 514 δυσμόρῳ,
517 456 565 508 ὂς
595 456 649 511 δὴ
679 455 797 512 δηθὰ
827 456 969 511 φίλων
1000 454 1086 498 ἄπο
1116 453 1292 510 πήματα
1320 453 1486 509 πάσχει,

169 519 223 562 50
251 514 373 571 νήσῳ
403 514 451 557 ἐν
480 511 729 569 ἀμφιρύτῃ,
763 512 841 556 ὅθι
874 510 914 554 τ’
947 510 1148 568 ὀμφαλός
1178 512 1268 555 ἐστι
1296 510 1536 568 θαλάσσης.

249 575 385 629 νῆσος
411 570 700 627 δενδρήεσσα,
730 567 815 613 θεὰ
847 567 893 613 δ’
924 568 972 613 ἐν
1003 568 1183 625 δώματα
1211 568 1339 621 ναίει,

80 699 248 742 nigroque
292 697 394 732 Crine
417 697 592 731 decorum
628 694 715 729 dicit
746 693 892 729 Flaccus

79 746 149 779 Od.
184 747 215 788 1,
242 744 300 784 32,
332 746 387 779 11.
430 742 590 777 videntur
623 741 732 786 igitur
765 740 892 786 opponi

79 790 186 825 oculis
205 790 314 835 nigris
334 788 460 830 caesii,
486 788 656 822 blasiliche
677 788 760 821 oder
776 799 892 832 graue

81 838 220 882 Augen,
244 848 307 869 nec
327 835 412 869 male
424 834 480 869 vel
499 834 639 868 Vossius
653 833 893 878 γλαυκώπιδα

78 883 230 918 reddidit
263 883 320 915 die
353 881 594 926 blaum‘igige,
637 880 692 914 vel
731 880 892 921 wolfius,

78 929 233 974 quamvis
251 927 419 962 vocabulo
438 927 632 972 ἰδιωτικῷ,
657 927 715 961 die
735 927 892 971 glauaa'-

77 977 185 1021 gige,
202 974 302 1019 'quod
320 973 476 1018 equidem
493 973 624 1015 malim,
651 984 694 1006 ne
714 972 890 1007 coeruleos

76 1022 194 1055 oculos
209 1019 462 1064 intelligamus,
487 1019 604 1064 quales
626 1019 783 1063 Neptuni
802 1030 890 1060 esse,

76 1067 257 1101 Minervae
288 1073 402 1100 autem
432 1065 584 1106 caesios,
618 1065 669 1098 ait
692 1064 766 1098 Cic.
793 1065 815 1098 l.
845 1065 889 1098 de

76 1113 163 1148 Nat.
186 1114 229 1147 D.
250 1114 282 1154 1,
299 1113 357 1148 30.
381 1117 529 1146 ceterum
549 1110 655 1146 caesii
673 1110 762 1144 oculi
781 1110 889 1145 rideri

76 1164 113 1193 et
147 1158 316 1193 contemni
349 1158 483 1199 solent,
516 1169 583 1191 non
618 1156 696 1190 item
726 1157 887 1190 coerulei.

77 1205 259 1239 Lucretius
277 1203 313 1246 4,
335 1205 450 1240 1154:
475 1205 582 1249 nigra
605 1205 797 1248 μελίχροος
823 1209 887 1245 est,

75 1252 256 1286 immunda
293 1256 326 1285 et
354 1251 496 1294 foetida
533 1249 715 1293 ἄκοσμος,
762 1250 887 1283 Caesia

77 1296 312 1339 Παλλάδιον,
347 1308 494 1330 neruosa
523 1302 556 1330 et
586 1298 707 1340 lignea
737 1294 887 1339 δορκοὶς.

75 1345 222 1378 Terent.
244 1344 372 1377 Heaut.
398 1348 569 1376 extrema:
601 1348 712 1386 gnate
729 1343 798 1383 mi,
821 1353 888 1386 ego

74 1391 133 1434 pol
159 1391 223 1424 tibi
251 1390 340 1422 dabo
366 1389 465 1422 illam
495 1389 666 1432 lepidam,
708 1400 812 1432 quam
850 1394 888 1421 tu

68 1437 181 1479 facile
205 1447 323 1476 ames,
351 1435 477 1468 Filiam
501 1435 741 1468 Phanocratae
766 1435 886 1468 nostri.

76 1482 145 1516 CL.
178 1485 341 1525 rusamne
369 1481 468 1514 illam
495 1481 688 1524 virginem,
714 1481 886 1520 Caesiam,

73 1538 193 1572 sparso
222 1539 301 1569 ore,
335 1527 468 1559 adunco
502 1525 616 1559 naso?
647 1538 714 1559 non
737 1537 885 1568 possum,

69 1579 186 1619 pater.
233 1577 268 1607 et
305 1573 446 1616 Hecyra
471 1573 505 1613 3,
539 1572 572 1613 4,
602 1573 678 1607 26.;
721 1583 884 1616 maguus,

72 1620 304 1660 rubicundus,
345 1621 500 1663 crispus,
542 1629 699 1659 crassus,
740 1620 885 1660 caesius,

74 1667 296 1700 Cadaverosa
314 1665 423 1709 jacie.
460 1665 563 1698 PAR.
613 1665 650 1697 ‹li
678 1665 774 1698 illum
803 1676 884 1708 per-

73 1713 197 1747 duint!
240 1711 290 1746 ibi
326 1710 515 1756 interpres:
558 1712 703 1745 caesius.
751 1711 884 1756 glaucis

72 1758 196 1799 oculis,
220 1757 317 1804 quasi
336 1757 415 1791 felis
432 1758 548 1791 oculos
565 1758 708 1791 habens.
740 1759 787 1792 cf.
805 1769 884 1791 ann.

72 1805 116 1839 ad
137 1805 174 1839 ΙΙ.
194 1803 241 1846 α’,
263 1806 342 1839 200.
365 1808 400 1837 et
419 1804 525 1839 Schn.
547 1816 581 1837 v.
601 1803 772 1848 γλαυκός.

117 1850 174 1886 45.
223 1852 279 1892 81,
304 1849 356 1892 ω’,
380 1849 473 1892 473.,
497 1849 550 1891 θ’,
571 1851 628 1886 31.

117 1896 267 1932 46-54.
319 1896 401 1932 καὶ
439 1896 632 1932 ἐοικότι
673 1893 885 1941 ο’λέθρῳ,

73 1943 178 1977 etiam
194 1943 290 1987 justo
321 1944 475 1977 interitu.
523 1955 588 1977 non
620 1943 725 1977 solum
750 1944 885 1977 occisus

71 1994 142 2032 est,
187 1988 278 2034 quod
313 1994 350 2024 tu
383 1989 491 2030 dicis,
531 1990 592 2023 sed
626 1989 727 2024 etiam
761 1990 883 2023 merito

70 2036 220 2076 occisus,
254 2035 390 2069 adulter
424 2040 459 2070 et
493 2035 666 2081 parricida
697 2036 755 2069 ille
779 2036 884 2080 Aegi—

69 2081 178 2116 sthus.
210 2101 257 2106 --
289 2082 435 2116 Veneris
468 2082 655 2117 orationem
690 2095 748 2128 ap.
783 2082 885 2126 Virg.

70 2130 155 2162 Aen.
183 2128 215 2170 l,
239 2129 320 2163 233.
345 2129 558 2173 comparavit
586 2128 712 2163 Eichh.
751 2148 791 2153 —
828 2126 883 2170 ὡς

70 2171 314 2209 ἀπόλοιτο.
363 2174 459 2216 Sch.‚
482 2176 601 2216 Baru.,
626 2175 700 2209 CL:
739 2170 790 2216 ὧς
819 2172 882 2210 ἀπ.

69 2219 123 2254 H:
157 2217 208 2261 ὥς
236 2218 392 2256 ὄλλοιτο.
440 2222 548 2255 Sch.=
588 2221 761 2266 ἐμφαίνει
791 2221 883 2262 τούς

22 2280 24 2282 ’
69 2268 290 2311 μνηστῆρας.
338 2278 382 2301 ne
415 2266 451 2301 id
487 2266 622 2312 quidem
654 2274 769 2302 recte:
806 2280 882 2302 nam

0 2349 1 2354 ¹
70 2313 239 2357 generalis
278 2317 331 2347 est
372 2315 566 2357 sententia,
602 2320 715 2348 morte
742 2314 880 2359 dignum

69 2368 146 2392 esse
156 2383 167 2400 ‚
213 2359 408 2405 quicunque
449 2360 534 2394 talia
581 2360 795 2396 commiserit.
837 2379 881 2386 —

70 2404 92 2439 δ
101 2417 125 2437 α
135 2404 154 2438 ΐ
159 2417 187 2448 φ
195 2417 215 2447 ρ
227 2418 247 2441 ο
256 2419 278 2440 ν
287 2418 312 2446 ι,
330 2411 481 2447 strenuo,
501 2418 607 2450 germ.
621 2408 699 2440 dem
710 2409 882 2443 wacker-n.

0 2438 1 2483 J
69 2455 166 2483 recte
190 2451 246 2485 N:
270 2452 436 2493 ,,δαίειν,
455 2453 606 2497 δαῆναι,
627 2453 734 2486 heisst
753 2453 789 2486 in
804 2455 880 2487 dem

70 2495 260 2538 Zeitalter,
282 2497 431 2532 welches
454 2499 563 2533 durch
586 2499 786 2544 Erfahrung
811 2500 880 2534 und

69 2540 222 2575 Versuch
255 2541 362 2596 lyrnt,
405 2546 493 2578 auch
527 2546 684 2589 erprobt‚
720 2547 881 2580 versncht

67 2587 201 2628 haben,
229 2599 275 2623 ου
295 2589 523 2635 δεδαηκότας
549 2590 674 2637 ἀλκήν.
701 2589 773 2637 (β’,
793 2593 880 2636 61.)

66 2632 116 2667 So
148 2633 210 2668 hat
242 2634 413 2678 δαΐφρων
444 2637 511 2671 alle
543 2637 601 2672 die
637 2639 880 2683 Abstufungen

67 2678 127 2713 des
150 2679 387 2716 homerischen
407 2683 637 2727 Verstehens,
662 2696 696 2718 u.
719 2685 879 2718 bezeich-

67 2729 126 2759 net
140 2725 184 2759 im
203 2726 435 2771 Aligemeinen
449 2730 541 2763 wohl
559 2730 624 2764 den
643 2730 878 2775 Tuchtigen“

65 2775 134 2805 etc.
182 2772 227 2806 cf.
253 2783 331 2807 ann.
356 2774 400 2809 ad
421 2776 540 2809 vocab.
562 2774 799 2821 ὀλοόφρονος
819 2778 878 2813 52.

65 2833 111 2842 ·—
135 2817 350 2862 δαίεται,
374 2821 543 2855 scinditur
567 2827 603 2856 et
623 2834 643 2857 a
662 2834 877 2868 consequen-

61 2864 98 2896 te
122 2863 306 2900 cruciatur.
355 2866 399 2909 ο’,
426 2865 523 2901 14o.=
548 2867 625 2912 πὰρ
648 2868 689 2904 δὲ
710 2871 877 2914 Βοηθοί-

60 2908 128 2954 8ης
152 2910 240 2954 κρέα
267 2913 414 2952 δαίετο,
438 2912 501 2948 καὶ
531 2914 616 2957 νέμε
647 2917 794 2959 μοίρας.
828 2936 876 2942 —-

57 2953 161 3009 ‚seha
185 2957 328 3011 δηθά.
359 2959 425 3004 (Il.
453 2958 493 3000 ε’,
521 2961 599 2995 104.
626 2963 720 3007 etc.)
743 2961 874 2998 πολλά.

56 3000 144 3038 ulem
176 3002 297 3040 lhadis
327 3006 349 3040 l.
383 3017 434 3041 αι
476 3005 658 3049 ἐπιπολῦ,
705 3009 779 3044 diu.
826 3010 872 3045 cf.

939 707 1017 730 ann.
1043 694 1087 730 ad
1111 695 1152 730 Il.

940 741 1050 787 φιρύ
1062 755 1126 788 τῃ.
1165 742 1277 784 (198,
1298 739 1340 783 λ’,
1365 738 1445 776 324.
1472 740 1568 782 etc.)
1594 738 1755 773 memori-

937 795 994 823 ter
1018 789 1146 823 Strabo
1174 790 1205 829 1,
1230 788 1277 828 2.,
1302 799 1337 833 p.
1363 784 1419 822 40.
1453 786 1507 820 ed.
1539 785 1752 820 Tauchniz.:

938 833 1038 880 νήσῳ
1074 832 1113 869 ἐν
1143 832 1300 879 Ὠγυγίῃ.
1350 845 1384 867 v.
1418 834 1476 874 85,
1501 832 1540 874 ζ’,
1567 833 1666 874 172.,
1705 829 1753 876 η’,

937 882 1019 917 244.
1062 881 1233 926 Hesych.:
1255 879 1424 924 Ὠγυγίη,
1450 878 1572 922 ὄνομα
1595 879 1662 923 τῆς
1685 876 1753 922 νή-

938 939 1008 963 σου
1033 928 1252 971 Καλύψους.
1282 926 1371 962 Plin.
1396 926 1430 966 3,
1458 927 1512 960 10.
1538 929 1648 968 extu,
1677 924 1753 969 plu-

937 986 992 1009 res
1016 974 1143 1008 insulas
1166 983 1293 1018 parvas
1316 973 1350 1005 in
1377 971 1547 1015 Scylaceo
1565 970 1640 1005 sinu
1660 982 1752 1004 com-

935 1032 1143 1055 memorans:
1174 1020 1286 1053 altera
1303 1019 1482 1062 Calypsus,
1501 1017 1626 1062 inquit,
1648 1028 1753 1061 quam

937 1068 1114 1112 Ogygiam
1145 1066 1340 1110 appellasse
1371 1065 1542 1097 Homerus
1570 1064 1750 1097 existima-

934 1110 1003 1148 tur.
1030 1117 1126 1146 recte
1138 1111 1348 1145 Grotefend.
1377 1111 1650 1154 Gegenbemerk.
1667 1110 1752 1143 iiber

934 1161 1060 1194 homer.
1092 1160 1241 1203 Geogr.,
1277 1158 1346 1191 vid.
1376 1158 1505 1201 Geogr.
1525 1157 1668 1200 Ephem.
1692 1157 1750 1190 48.

934 1207 1021 1247 Bd.‚
1055 1205 1089 1240 3.
1114 1206 1166 1238 St.
1202 1204 1240 1239 S.
1264 1205 1363 1238 272:
1416 1203 1508 1244 „die
1547 1202 1752 1247 Ogygische

933 1252 1025 1286 Insel
1056 1251 1118 1285 der
1157 1250 1316 1295 Kalypso
1352 1260 1443 1282 muss
1485 1249 1520 1282 in
1553 1249 1616 1283 der
1647 1249 1751 1282 Niihe

933 1298 1026 1331 ihres
1051 1297 1176 1330 Vaters
1201 1297 1298 1330 Atlas
1320 1295 1471 1340 gedacht
1487 1296 1640 1335 werden,
1665 1295 1751 1328 wel-

935 1345 1018 1377 cher
1050 1343 1084 1376 in
1114 1343 1178 1376 der
1210 1342 1439 1387 Geographie
1471 1341 1535 1374 der
1569 1340 1750 1374 Phoniken

935 1390 991 1424 die
1015 1388 1276 1422 Himmelssaule
1300 1388 1345 1421 im
1370 1389 1515 1421 WVesten
1547 1387 1752 1421 bezeichuet

934 1436 1028 1479 (vgl.
1059 1435 1143 1478 Hug
1171 1434 1380 1467 Untersuch.
1406 1434 1493 1467 iiber
1517 1433 1585 1467 den
1609 1433 1751 1477 Mythos

933 1483 971 1515 S.
996 1481 1076 1516 214.
1092 1505 1101 1519 ,
1134 1479 1218 1514 oder
1250 1481 1402 1524 Klopser
1436 1479 1472 1513 in
1496 1479 1653 1513 Nitsch’s
1675 1491 1752 1524 my·-

933 1527 1018 1561 thol.
1043 1527 1218 1559 Worterb.
1248 1528 1278 1560 l.
1313 1526 1352 1560 S.
1376 1525 1456 1561 349.
1490 1526 1515 1561 f.
1547 1526 1647 1569 N.)‚
1680 1525 1752 1559 wie

933 1573 990 1606 die
1019 1572 1197 1606 Griechen
1222 1571 1256 1606 in
1288 1571 1353 1606 den
1380 1572 1492 1605 Osten
1516 1570 1583 1605 den
1608 1572 1752 1605 Kauka-

932 1631 989 1653 sus
1009 1624 1156 1659 setzten,
1182 1618 1217 1651 in
1241 1618 1309 1651 den
1331 1618 1478 1652 Norden
1503 1617 1558 1651 die
1575 1617 1751 1662 Rhipaea,

930 1665 1002 1699 und
1042 1665 1077 1699 in
1121 1664 1187 1698 den
1224 1664 1340 1698 Siiden
1377 1663 1434 1698 die
1469 1664 1751 1708 Mondsgebirge‚

930 1712 1019 1747 ohne
1051 1712 1131 1745 dass
1165 1722 1241 1744 man
1272 1711 1440 1744 darunter
1473 1709 1589 1744 immet
1615 1710 1670 1744 ein
1695 1709 1751 1743 hi-

930 1759 1081 1792 storisch
1114 1757 1306 1791 bekanntes
1343 1757 1502 1800 Gebirge
1537 1768 1581 1790 zu
1615 1760 1752 1790 verste-

931 1806 996 1839 hen
1028 1805 1097 1838 hat.
1146 1804 1187 1837 Je
1211 1803 1337 1836 weiter
1361 1816 1436 1837 man
1462 1803 1519 1836 die
1544 1802 1640 1836 Erde
1664 1803 1752 1836 ken-

931 1863 998 1885 nen
1018 1852 1142 1891 lernte,
1163 1850 1200 1893 je
1225 1850 1348 1884 weiter
1372 1850 1517 1883 rfickten
1537 1849 1632 1884 diese
1652 1848 1751 1883 Him-

931 1897 1134 1932 melssaulen
1161 1898 1237 1930 dem
1262 1896 1472 1930 XVeltmeere
1498 1906 1541 1930 zu
1557 1921 1566 1939 ,
1600 1895 1652 1930 bis
1675 1894 1750 1929 sich

932 1944 1069 1977 endlich
1104 1942 1220 1983 Atlas,
1254 1942 1410 1976 welchen
1436 1943 1535 1976 Hom.
1561 1941 1636 1976 sich
1661 1941 1752 1974 noch

931 1990 1018 2023 beim
1046 1988 1292 2024 Hermfiischen
1321 1989 1537 2032 Vorgebirge
1565 1989 1627 2032 (in
1652 1988 1752 2022 Mar—

930 2036 1079 2070 marica:
1116 2047 1150 2070 V.
1183 2035 1311 2068 Cellar.
1336 2036 1369 2070 3.
1406 2046 1440 2080 p.
1469 2034 1577 2077 100.)
1612 2034 1750 2075 dachte,

930 2094 981 2116 am
1027 2081 1266 2116 Atlantischen
1311 2082 1455 2115 Oceane
1492 2080 1653 2116 verlor.“
1701 2080 1747 2113 cf.

930 2129 1083 2162 Volcker
1116 2129 1205 2162 hom.
1241 2128 1370 2173 Geogr.
1404 2129 1438 2169 §-
1463 2127 1520 2162 63.
1556 2131 1592 2160 et
1616 2126 1666 2160 N.
1703 2145 1748 2150 —

929 2172 1017 2210 ὅθι
1050 2172 1085 2209 τ’
1114 2173 1221 2218 ο’μφ.
1247 2172 1349 2210 ἐστι
1382 2172 1655 2216 θαλάσσης,
1689 2172 1749 2205 ubi

928 2222 1037 2255 maris
1058 2222 1240 2256 umbilicus
1258 2227 1330 2262 est,
1356 2220 1466 2255 medio
1491 2220 1525 2252 in
1550 2221 1649 2255 mari.
1697 2217 1748 2252 sic

928 2269 1011 2302 urbs
1035 2268 1250 2313 Delphorum
1274 2267 1460 2301 dicebatur
1475 2266 1657 2300 umbilicus
1676 2269 1752 2298 ter-

928 2326 1000 2348 rae.
1048 2326 1083 2348 v.
1116 2314 1152 2347 N
1185 2319 1220 2347 et
1253 2314 1297 2347 ab
1331 2325 1371 2347 eo
1403 2312 1559 2347 laudatos
1584 2311 1677 2345 Plat.
1703 2309 1749 2344 de

927 2361 1017 2405 Rep.
1041 2360 1074 2396 4.
1099 2372 1132 2406 p.
1158 2358 1238 2400 427,
1263 2360 1304 2402 Β,
1327 2359 1444 2393 Strab.
1468 2359 1502 2394 9.
1526 2370 1562 2403 p.
1587 2358 1670 2394 419.
1700 2375 1750 2382 —-

927 2407 1082 2451 νῆσος
1119 2407 1272 2449 δενδρ.
1305 2406 1416 2439 intell.
1454 2403 1566 2439 ἐστίν.
1607 2423 1654 2430 -
1698 2401 1749 2438 ἐν

928 2451 1123 2497 δώματα
1169 2454 1312 2488 ναίει.
1361 2450 1431 2493 ἐν,
1473 2452 1590 2492 intra,
1621 2449 1657 2484 in
1693 2448 1748 2483 in-

928 2500 1026 2542 sula,
1057 2511 1124 2533 non
1149 2497 1305 2541 ἐνναίει,
1331 2499 1425 2544 quod
1451 2497 1646 2542 requireret
1671 2494 1747 2530 δώ-

926 2558 1040 2590 μασι,
1073 2545 1279 2591 scripturam
1305 2545 1458 2578 codicum
1485 2546 1513 2578 A
1537 2545 1559 2578 3
1584 2547 1620 2577 et
1645 2543 1672 2575 A
1697 2544 1747 2586 5·,

927 2594 990 2627 sed
1024 2604 1177 2637 pravam.
1227 2604 1260 2625 v.
1296 2591 1422 2626 Matth.
1458 2591 1490 2631 §-
1526 2589 1607 2631 594,
1641 2588 1682 2622 ll.
1708 2587 1747 2630 ι’,

929 2639 1007 2674 154.
1033 2643 1101 2672 etc.
1144 2636 1348 2680 δώματα
1371 2637 1500 2671 ναίει
1525 2635 1640 2681 prisca
1665 2634 1748 2668 sim-

926 2685 1082 2730 plicitate
1106 2684 1234 2718 dictum
1259 2689 1314 2718 est
1339 2695 1401 2728 pro
1427 2684 1603 2723 ναίει,ὐῑ
1627 2681 1749 2727 Φερῇς

927 2731 982 2765 ἔνι
1007 2731 1106 2766 οἰκία
1129 2732 1245 2766 ναίων
1276 2729 1322 2771 δ’,
1343 2731 1424 2764 798.
1452 2748 1493 2754 ——
1521 2729 1564 2763 de
1588 2729 1747 2770 Allante,

925 2777 1036 2823 Iapeti
1075 2777 1164 2820 filio,
1200 2788 1234 2813 v.
1261 2775 1419 2821 Apollod.
1444 2777 1476 2818 1,
1501 2777 1536 2817 2,
1561 2775 1614 2815 33
1650 2775 1686 2815 2,
1710 2774 1746 2817 5,

925 2825 1002 2866 11.;
1027 2825 1060 2865 3,
1089 2825 1143 2865 10,
1173 2825 1224 2864 1.,
1251 2823 1368 2868 ibique
1394 2823 1507 2867 Heyn.
1535 2841 1577 2849 ·-
1603 2817 1745 2857 ὀλοό-

924 2882 1121 2914 φρονος.
1147 2870 1241 2910 Sch.‚
1268 2870 1300 2903 H
1319 2875 1355 2903 et
1376 2870 1447 2903 Am.
1471 2869 1525 2909 Qz
1552 2864 1743 2912 ὀλεθρίου,

922 2916 999 2952 ἐπεὶ
1017 2915 1192 2958 πολέμιος
1210 2918 1292 2957 τοῖς
1306 2917 1424 2954 θεοῖς.
1473 2913 1535 2949 καὶ
1560 2913 1632 2957 γάρ
1665 2916 1745 2954 τοῖς

920 2966 1029 3003 θεοῖς
1070 2961 1250 3005 ἐπολέμει.
1292 2981 1338 2987 -
1391 2960 1427 2996 οἱ
1473 2959 1513 2996 δὲ
1553 2959 1742 2996 ἐδάσυναν

918 3007 1061 3055 (ὁλοό
1074 3009 1192 3055 φρ.),
1217 3007 1269 3044 ἵν’
1292 3003 1319 3055 ᾖ
1333 3007 1417 3053 περὶ
1435 3008 1511 3044 τῶν
1528 3005 1624 3043 ὅλων
1644 3019 1740 3052 φρο-

1176 692 1222 740 β’,
1247 694 1328 731 435.
1365 713 1410 719 -
1446 690 1571 739 νήσῳ
1597 689 1647 728 ἐν
1669 690 1753 736 οἷμ-
