1856 3282
537 98 1125 141 ΟΔΤΣΣΕῙΑΣ
1178 100 1227 139 Α.

216 210 383 281 ἤγαγον
409 209 469 279 εἷς
493 206 694 265 Ἰθάκηνς
722 209 835 260 τίνες
845 207 1046 277 ἔμμεναι
1074 204 1380 262 εὐχετόωνταις

218 266 273 311 ού
304 266 383 322 μὲν
410 265 494 322 γάρ
524 267 566 308 τί
596 278 643 309 σε
672 265 801 319 πεζόν
830 263 981 316 ὀΐομαι
1010 263 1165 307 ἐνθάδ’
1199 263 1384 307 ἱκέσθαι.

217 325 291 367 καί
319 340 396 376 μοι
424 321 554 365 τοῦτ’
586 322 834 378 ἀγόρευσον
864 321 1100 376 ἐτήτυμον,
1133 319 1242 376 ὄφρ’
1275 322 1325 364 εὐ
1358 321 1481 364 εἰδῶ·

109 384 189 426 175
219 379 269 436 ἠὲ
298 378 402 422 νέον
431 378 652 433 μεθέπεις,
681 379 708 435 ἢ
737 379 811 421 καὶ
839 377 1061 431 πατρωϊός
1091 377 1184 447 ξσσι

220 438 382 489 ξεῖνος,
413 437 502 479 ἐπεὶ
530 436 687 480 πολλοὶ
715 437 818 478 ἰ’σαν
850 433 997 489 ἀνέρες
1024 433 1237 494 ἡμέτερον
1269 435 1332 476 διδ

220 493 365 547 ἄλλοι,
397 494 486 537 ἐπεὶ
517 493 591 536 καὶ
618 497 762 544 κεῖνος
793 491 1057 546 ἐπιστρόφος
1087 495 1144 547 ἠν
1175 490 1482 546 ἀνθρώπων“

267 596 312 630 ad
338 608 428 641 quae
451 596 663 641 respondens
687 594 753 629 dea
777 605 841 640 pro
867 601 963 629 certo
987 594 1137 629 affirmat
1163 599 1199 628 et
1222 593 1343 628 vivere
1368 593 1547 637 Ulyssem,
1578 598 1614 629 et
1638 606 1715 630 mox

183 642 381 677 affuturum.

274 710 364 754 Τὸν
393 709 437 753 δ’
469 703 572 753 αὖτε
602 708 834 763 προσέειπε
864 707 947 751 θεὰ
976 711 1228 763 γλαυκῶπις
1250 705 1436 776 Ἀθήνη·

217 768 406 822 ,,τοιγαρ
437 766 520 821 ἐγώ
551 783 619 809 τοι
648 769 785 809 ταῦτα
814 765 918 820 μάλ’
951 764 1164 818 ἀτρεκέως
1194 763 1436 820 ἀγορεύσω.

109 829 190 870 180
219 824 394 880 Μέντης
417 821 658 879 Ἀγχιάλοιο
689 824 935 877 δαΐφρονος
961 822 1143 877 εὔχομαι
1175 821 1290 865 εἶναι

217 882 338 931 υἱὸς,
375 880 485 937 α’τάρ
520 881 730 952 Ταφίοισι
760 881 1092 934 φιληρέτμοισιν
1125 878 1311 922 ἀνάσσω.

215 942 301 981 νῦν
328 936 369 980 δ’
404 931 487 980 ὦδε
518 935 597 987 ξύν
625 937 703 1006 τηϊ
729 936 987 1008 κατήλυθον
1015 935 1092 992 ἠδ’
1125 935 1329 1007 ἑτάροισι,

197 996 375 1038 πλείων
410 995 572 1037 οἴνοπα
601 992 767 1037 πόντον
798 992 867 1037 ἐπ’
898 991 1180 1049 ἀλλοθρόους
1210 990 1494 1048 ἀνθρώπους,

47 1116 151 1162 224.,
176 1123 211 1154 et
237 1120 280 1154 de
309 1119 426 1153 verbis
455 1119 550 1160 τίνες
579 1117 661 1164 ἕμμ.
681 1117 755 1164 εὕχ.
780 1131 858 1154 ann.

48 1168 93 1200 ad
122 1169 196 1202 ¹80.
225 1172 409 1201 caruerunt
439 1166 530 1200 hisce
549 1167 583 1200 h.
604 1167 624 1200 1.
649 1167 754 1200 MSS.
773 1178 860 1200 non-

0 1215 2 1224 ’
49 1212 156 1255 nulli,
180 1219 219 1247 ut,
239 1219 390 1247 notatum
411 1219 464 1246 est.
483 1212 517 1246 in
538 1213 702 1254 scholiis3
727 1225 770 1247 ex
793 1225 859 1257 quo

48 1258 132 1292 nihil
157 1259 308 1300 efficias,
333 1270 406 1291 cum
426 1265 556 1292 temere
575 1259 698 1292 similia
723 1265 758 1292 et
777 1260 860 1293 addi

50 1308 86 1338 et
103 1305 214 1339 omitti
230 1305 409 1338 soleantin
429 1305 537 1337 libris.
562 1323 605 1328 —
633 1303 682 1339 οὐ
709 1304 795 1349 μὲν
815 1326 859 1329 -

49 1350 190 1386 iuis&
204 1364 261 1385 αι
285 1352 424 1394 jocatur
442 1351 680 1385 Ttlernachus.
729 1353 802 1385 Am.
829 1351 859 1384 Ε

0 1412 1 1438 l
51 1401 87 1430 et
112 1397 165 1437 Q:
188 1396 318 1432 ἐθικὸν
348 1396 440 1438 (imo
461 1395 625 1452 η’θικὸν)
649 1398 784 1439 τοῦτο,
811 1395 860 1438 ὠς

50 1441 92 1477 τό
129 1441 185 1478 ου’
216 1443 304 1500 γάρ
340 1441 433 1477 ἀπὸ
467 1441 612 1500 δρυός
645 1442 749 1479 ε’σσι
786 1443 859 1487 (τ’,

51 1490 128 1524 163.
141 1489 178 1531 ),
210 1487 258 1529 ὥς
288 1488 322 1524 εἰ
349 1488 462 1530 ε’,λεγε
496 1488 606 1530 πεζὸν
633 1487 700 1533 μὲν
724 1487 791 1534 γάρ
821 1501 860 1525 σε

46 1531 236 1570 ἀδύνατον
256 1534 432 1590 ε’ληλυθέι
436 1548 485 1568 αι.

97 1583 289 1618 175-177-
317 1580 454 1622 νέον,
478 1582 621 1616 νεωστί
645 1579 860 1624 -μεθὲ-

48 1640 154 1669 πεις.
175 1628 320 1662 activum
331 1627 563 1681 positumloco
578 1627 677 1661 medii
692 1634 725 1661 et
739 1639 861 1674 praes-

47 1685 109 1708 ens
135 1674 304 1720 perfecti,
338 1674 464 1706 incitas
491 1678 548 1709 tc
574 1675 607 1707 h.
635 1686 665 1707 e.
695 1673 860 1716 incitasti,

50 1726 85 1753 et
106 1724 372 1765 aconsequente
387 1721 570 1754 advenisti.
603 1732 636 1754 v.
658 1720 698 1755 ll.
718 1720 755 1760 ε’
778 1723 858 1762 329,

50 1765 297 1808 &3126—
339 1766 474 1807 ἴσαν,
517 1773 704 1806 voverunt,
742 1769 860 1811 itaque

0 1809 2 1818 ’
51 1792 222 1848 adierunt.
258 1830 300 1838 -
345 1811 637 1867 ἐπιστρόφος
670 1811 860 1856 ἀνθρώ-

51 1871 163 1893 πων.
189 1859 239 1892 ita
259 1859 482 1902 scripsimus,
509 1860 621 1893 activo
640 1871 739 1893 sensu
761 1862 859 1903 adje-

52 1905 158 1946 ctivi,
185 1916 281 1949 quem
312 1916 444 1939 sensum
474 1907 654 1950 requirunt
677 1907 728 1939 bis
750 1918 859 1951 oppo-

51 1950 119 1985 sita
138 1953 242 1984 verba
262 1949 337 1985 ἐπεὶ
361 1971 404 1975 -
427 1951 541 1986 ἄλλοι.
589 1953 745 1986 adierunt
766 1953 861 1986 multi

52 1997 204 2031 homines
230 1996 409 2041 Ulyssem,
435 2003 471 2031 et
498 1999 573 2042 ipse
602 1999 685 2031 vicis,
681 2000 751 2032 sim
777 1999 861 2032 111111-

51 2048 106 2077 tos
121 2043 225 2083 adiit,
252 2044 306 2076 vir
325 2043 579 2087 πολύτροπος,
604 2045 713 2089 qualis
729 2045 861 2078 descri-

51 2089 142 2124 bitur
159 2089 258 2124 initio
278 2090 470 2134 Odysseae.
504 2099 600 2124 recte
622 2095 692 2124 Am.
718 2092 748 2124 E
770 2092 861 2125 inter

49 2135 137 2169 alia·
173 2134 415 2180 ἐπερχόμενος
450 2137 513 2172 καὶ
546 2137 745 2181 ἐπιδημῶν.
793 2150 862 2172 non

52 2182 118 2216 huc
148 2185 298 2226 pertinet
328 2181 569 2226 ἐπίστροφος,
606 2184 696 2228 quod
734 2185 862 2218 habent

51 2228 149 2270 libri,
174 2229 206 2262 h.
229 2240 256 2262 e.
275 2229 465 2274 interprete
487 2231 529 2264 E.
559 2229 708 2274 πάσχων
729 2228 768 2264 ἐκ
787 2233 861 2264 τῶν

52 2272 170 2309 αλλων
210 2274 462 2319 ἐπιστροφνν,
505 2277 568 2311 καὶ
606 2275 862 2320 ἀγαπιὶμενος,

52 2321 213 2365 qua-invia.
239 2321 290 2354 illi
326 2323 477 2367 placeat,
526 2324 663 2357 memori
703 2323 858 2366 istorum,

53 2378 142 2410 quae
169 2372 205 2400 et
226 2370 330 2411 poe'ta
357 2369 401 2401 de
429 2369 556 2413 Ulysse
591 2370 680 2404 dixit
707 2369 752 2411 τ’,
779 2371 858 2406 239.

50 2411 131 2447 ἐπεὶ.
165 2416 353 2448 πολλοῖσιν
379 2413 580 2456 Ὀὸυσσευς
602 2414 712 2451 ”Eone
741 2419 858 2458 φίλος,

53 2464 90 2492 et
116 2458 194 2516 ipse
225 2459 267 2492 de
293 2471 332 2493 se
360 2461 504 2504 Ulysses
531 2462 700 2519 gloriatus
730 2461 765 2504 ι’,
788 2464 859 2498 19.-

52 2502 126 2546 εἴμ’
148 2502 322 2545 Ὀδυσευς
340 2507 588 2553 Λαερτιάδης,
615 2505 663 2553 ὃς
680 2510 772 2544 πᾶσι
793 2508 858 2544 δό-

51 2552 169 2584 λοισιν
184 2549 426 2593 Ἀνθρωποισι
441 2554 556 2597 με’λω.·
581 2567 648 2599 quo
668 2555 741 2589 loco
760 2555 790 2588 E
810 2556 859 2589 le-

53 2597 107 2641 git
123 2595 345 2639 Ἀνθρώποις
361 2598 537 2642 μέλομαι,
565 2612 640 2657 per
645 2613 682 2634 se
703 2614 767 2635 non
789 2613 859 2635 ma-

52 2643 106 2684 le,
131 2654 195 2676 11151
213 2652 404 2678 memoriter
420 2646 595 2688 laudam
621 2644 640 2682 ὅ
661 2647 776 2688 ἐστιν,
805 2649 861 2680 in-

51 2690 144 2733 quit,
168 2687 207 2745 ξν
234 2688 439 2736 ἐπιστροφῇ
465 2693 524 2727 καὶ
546 2693 692 2736 μελήσει
712 2697 862 2738 γίνομαι

52 2733 303 2778 ἀγαπώμενος.
352 2738 534 2783 adscripsit
570 2741 604 2774 N
642 2739 687 2785 ρ’,
713 2742 794 2777 486.
824 2744 860 2774 et

51 2781 160 2826 hymn.
182 2783 279 2817 Hom.
298 2785 355 2823 27,
380 2787 430 2818 10.

99 2828 288 2864 180—182.
333 2827 607 2872 Ἀγχιάλοιο.
639 2833 859 2876 cognomines

51 2872 118 2907 dno
136 2876 430 2916 ηιεῐιιοωηωτθ’,
446 2878 521 2912 112.
544 2884 579 2911 et
600 2878 637 2912 11.
657 2877 694 2919 ε’,
712 2881 791 2914 609.
812 2899 858 2903 -

51 2932 258 2963 ευχομαι
283 2919 427 2962 εἶναι,
453 2934 524 2956 esse
542 2924 675 2967 glorior
699 2936 757 2958 seu
776 2937 858 2967 pro-

34 2965 160 3008 fiteor.
183 2965 471 3013 ,,ἐπαγγε’λλομαι
492 2969 527 3002 id
549 2969 638 3003 dixit
655 2970 753 3005 Plato
765 2972 859 3006 Gor-

905 1120 982 1164 gia,
1006 1131 1040 1165 p.
1062 1117 1143 1161 449,
1165 1120 1207 1154 B.
1243 1118 1371 1163 Eurip.
1403 1130 1459 1164 ap.
1487 1117 1594 1152 Clem.
1620 1118 1718 1154 Alex.

905 1168 1031 1200 δτι-0111.
1053 1168 1097 1207 6,
1118 1178 1151 1210 p.
1179 1168 1258 1201 622.
1284 1167 1470 1209 Systlburg
1495 1166 1551 1204 τίς
1581 1163 1666 1200 ἔσθ’
1697 1163 1717 1200 ὁ

906 1212 1048 1256 φύσας,
1080 1215 1148 1247 τοῦ
1181 1211 1445 1255 κεκήρυξαι
1469 1209 1630 1257 πατρός,·
1665 1213 1720 1246 als

905 1271 1030 1293 uessen
1055 1260 1144 1292 Sohn
1166 1260 1332 1301 lciindigst
1352 1259 1399 1291 du
1419 1253 1503 1290 dich
1518 1270 1585 1291 an.
1577 1258 1595 1281 7
1623 1259 1723 1292 Wolf

912 1306 1122 1338 lermischre
1144 1306 1239 1340 Schr.
1263 1306 1300 1338 S.
1320 1306 1422 1338 362:
1497 1305 1646 1344 „Unter
1662 1306 1719 1348 je-

905 1363 970 1385 nen
994 1351 1193 1389 Menschen,
1219 1363 1273 1384 wo
1293 1351 1366 1384 sich
1386 1329 1478 1383 noch⁹
1489 1350 1590 1384 keine
1610 1351 1722 1384 Cere-

906 1398 1015 1431 monie
1035 1409 1068 1430 u.
1088 1397 1219 1430 falsche
1238 1398 1360 1430 Scham
1381 1396 1414 1428 in
1437 1395 1492 1429 die
1513 1396 1627 1430 Sitteu
1645 1397 1721 1431 ein-

906 1443 1123 1487 geschlichen
1143 1444 1256 1484 hatte,
1282 1442 1413 1476 welche
1432 1442 1554 1486 eigene
1573 1444 1721 1487 Tugen-

907 1491 974 1522 den
1000 1501 1033 1522 u.
1063 1489 1272 1523 Verdienste
1293 1500 1334 1521 zu
1354 1489 1456 1522 {oben
1477 1489 1563 1522 oder
1586 1501 1651 1523 nur
1677 1502 1721 1525 zu

906 1535 1093 1571 erwfihnen
1111 1535 1300 1574 verbietet,
1326 1536 1462 1567 riihmte
1480 1534 1533 1567 ein
1548 1535 1721 1579 jeglicber

905 1581 977 1614 sich
997 1581 1132 1622 dessen,
1158 1592 1232 1615 was
1251 1593 1289 1614 er
1307 1592 1348 1614 zu
1370 1580 1442 1614 sein
1461 1580 1616 1624 glaubte‚
1644 1594 1720 1617 was

908 1639 946 1662 er
972 1639 1058 1660 war.
1108 1628 1177 1660 Der
1204 1628 1321 1660 Barde
1353 1631 1471 1667 same:
1498 1627 1553 1660 ich
1581 1628 1639 1662 bin
1664 1629 1721 1663 ein

908 1674 1093 1716 giittlicher
1105 1674 1261 1716 Sanga-3
1287 1674 1349 1706 der
1366 1673 1490 1706 Furst:
1516 1673 1570 1706 ich
1587 1675 1645 1708 bin
1664 1676 1723 1710 ein

908 1721 1109 1753 Gesandter
1134 1720 1193 1752 des
1215 1720 1324 1759 Zeus;
1351 1719 1413 1752 der
1444 1730 1486 1751 an
1519 1720 1721 1755 Einsichten

906 1767 991 1799 iiber
1009 1766 1102 1799 seine
1122 1767 1374 1810 Zeitgencssen
1396 1766 1571 1799 erhabene
1593 1767 1720 1802 Mann-

907 1813 961 1845 ich
981 1813 1037 1846 bin
1059 1813 1115 1846 ein
1136 1794 1283 1846 We'iser.
1322 1812 1366 1844 W
1371 1823 1407 1844 as
1430 1812 1496 1844 alle
1516 1812 1613 1846 diese
1631 1814 1722 1855 sind,

905 1873 966 1893 και
1004 1856 1172 1902 εὔχονται
1211 1857 1317 1893 εἶναι.
1365 1858 1413 1890 So
1448 1863 1596 1891 mussten
1631 1860 1722 1894 denn

906 1905 1007 1939 beide
1027 1905 1194 1949 Βεὲιῑίΐε,
1221 1906 1283 1938 das
1303 1901 1398 1938 εἶναι
1417 1916 1449 1937 11.
1467 1904 1528 1937 das
1546 1903 1722 1948 εὔχεσθαι

908 1950 1024 1992 εἶναι,
1050 1953 1137 1984 auch
1157 1952 1191 1984 in
1210 1952 1272 1984 der
1290 1951 1448 1994 Sprache
1467 1950 1602 1996 u'illig
1593 1964 1626 1985 m
1645 1954 1721 1987 ein-

908 1999 1016 2032 ander
1034 1999 1299 2032 verschmelzen
1305 2001 1328 2016 “
1346 2000 1369 2016 “
1394 1998 1427 2029 E
1449 1997 1491 2029 N.
1517 2016 1563 2021 —
1589 2003 1722 2044 φιλη-

909 2044 1184 2087 ρέτμοισιν,
1209 2055 1319 2077 remos
1349 2044 1566 2100 amantibus,
1592 2046 1721 2091 quippe

908 2091 1099 2125 homiuibus
1127 2090 1318 2124 maritimis.
1352 2109 1398 2114 --
1432 2085 1542 2129 ωδε,
1574 2093 1643 2133 εἰσ,
1681 2100 1720 2128 ut

908 2137 1020 2171 statim
1037 2138 1151 2177 dicet,
1176 2136 1243 2178 ξυν
1261 2136 1345 2179 νηῒ
1369 2148 1470 2170 nate.
1505 2137 1720 2180 pleonasmus

908 2183 1098 2217 familiaris.
1146 2184 1190 2216 cf.
1226 2182 1265 2225 ζ,
1297 2185 1378 2223 289,
1414 2182 1454 2215 Il.
1485 2182 1529 2226 β’,
1557 2184 1625 2219 439
1651 2192 1719 2220 etc.

908 2231 980 2263 Am.
1002 2230 1032 2262 E
1052 2235 1087 2263 et
1110 2229 1166 2268 Q·
1201 2228 1379 2265 ου’δέποτε
1407 2232 1526 2264 κεῖται
1553 2230 1594 2266 τὸ
1632 2226 1719 2267 ὦδε

908 2274 1063 2310 τοπικὸν
1081 2274 1182 2318 παρὰ
1204 2278 1256 2321 τῷ
1274 2277 1422 2320 ποιητῇ,
1448 2274 1530 2311 ἀλλ’
1550 2274 1633 2312 οἷντὶ
1650 2292 1718 2314 του

906 2322 1241 2361 ου’τως.5111111ὴει·
1270 2322 1514 2363 Aristarchus,
1539 2324 1719 2369 Apollonio

905 2369 1065 2403 laudatus
1098 2368 1129 2402 h.
1160 2382 1194 2403 v.
1227 2389 1273 2394 —
1316 2367 1609 2424 κατήλυθον.
1651 2383 1720 2405 vox

906 2415 1064 2460 propria,
1092 2416 1371 2458 quemadmodum
1395 2414 1608 2457 κατάπλους
1630 2417 1720 2451 dici-

905 2469 962 2495 tur
993 2461 1198 2505 appellentis
1228 2473 1339 2503 nave,
1365 2458 1556 2503 ἀνάπλους
1581 2463 1719 2498 solven-

905 2509 962 2542 tis.
1011 2508 1056 2541 cf.
1073 2509 1153 2548 210,
1174 2510 1241 2544 317
1261 2512 1327 2541 etc.

955 2555 1029 2588 183.
1078 2553 1128 2587 ita
1164 2554 1381 2588 scribendum
1418 2558 1513 2596 erat,
1553 2566 1627 2589 cum
1660 2567 1719 2613 ap.

907 2600 1118 2644 Stephanum
1136 2606 1172 2634 et
1190 2600 1389 2644 Berglerum
1407 2601 1580 2644 legeretur
1599 2601 1721 2637 πλέων

908 2647 1045 2681 οἰνοπα
1075 2659 1111 2679 π.
1161 2658 1261 2680 versu
1290 2647 1530 2688 claudicante,
1558 2648 1612 2681 cui
1643 2661 1721 2684 suc-

907 2699 1085 2726 currentes
1106 2693 1264 2735 posuisse
1286 2693 1447 2726 videntur
1466 2693 1522 2733 id,
1547 2695 1638 2739 quod
1661 2707 1720 2729 oc-

908 2739 1053 2782 cupavit
1086 2739 1212 2782 libros,
1250 2738 1371 2772 πλέων
1400 2737 1459 2774 ἐπὶ
1488 2741 1557 2775 οἷ’ν.
1588 2753 1626 2774 π.
1658 2743 1718 2775 sed

908 2796 1074 2828 nusquam
1111 2785 1209 2818 Hom.
1245 2784 1417 2828 synizesin
1463 2787 1645 2831 usurpavit
1686 2787 1719 2821 in

907 2832 1013 2864 verbo
1043 2830 1185 2872 πλέειν,
1208 2831 1268 2864 sed
1297 2830 1341 2870 6',
1359 2832 1439 2865 474.
1466 2832 1556 2866 dixit
1585 2833 1654 2877 σὴν
1683 2832 1720 2875 ἐς

905 2875 1057 2920 πατριηδ
1086 2877 1202 2917 ἵκοιο,
1234 2877 1354 2911 πλέων
1380 2875 1440 2912 ἐπὶ
1469 2879 1606 2914 οἱνοπα
1630 2879 1718 2915 πόν-

905 2937 982 2964 τον,
1007 2935 1069 2957 nec
1089 2924 1188 2957 aliter
1207 2923 1245 2956 11.
1260 2936 1282 2968 η
1284 2922 1394 2966 ',88.:
1419 2925 1484 2968 νηϊ
1502 2926 1719 2970 πολυκλήιδι

904 2971 1024 3006 πλέων
1053 2968 1114 3004 ἐπὶ
1144 2969 1279 3005 οἴνοπα
1316 2968 1468 3007 πόντον.
1514 2972 1594 3007 hinc
1627 2974 1716 3009 haud
