1846 3282
557 155 1241 201 ΟΔῬΣΣΕΙΑΣΜ
1636 151 1716 195 15

1662 150 1688 193 ..ὗ

259 269 526 343 παρφυγέειν
554 269 633 322 ξῦν
661 270 755 326 νηῒ,
785 268 907 325 φέρει
935 267 981 313 δέ
1008 281 1052 312 τε
1080 266 1206 321 κρατι
1235 265 1400 325 ἑκάστῳ

153 334 231 374 100
260 326 371 384 φῶτ’
401 325 670 380 ἐξαρπάξασα
698 326 795 377 νεὸς
820 322 1169 379 κυανοπρώροιο

337 415 364 436 ,,
381 384 470 426 Τὸν
498 381 542 425 δ’
566 382 718 451 ἕτερον
746 384 957 426 σκόπελον
987 377 1320 449 χθαμαλώτερον
1349 376 1470 431 ὄψει,
1493 375 1716 426 Ὀδυσσεῦ,

204 438 228 467 *
255 440 439 510 πλησίον
467 437 688 494 ἀλλήλων,
717 439 791 482 καί
817 453 893 482 κεν
923 436 1254 485 διοϊστεύσειας·

253 499 315 551 τῷ
344 493 386 539 δ’
414 494 463 538 ἐν
490 495 654 550 ἐρινεός
683 495 770 538 ἐστι
798 495 948 563 μέγας,
978 493 1182 550 φύλλοισι
1208 489 1411 560 τεθηλως.

256 554 318 606 τῷ
347 548 391 594 δ’
420 550 508 604 ν’πο
538 553 611 594 δῖα
625 551 862 622 Χάρυβδις
890 548 1176 622 αναῤῥοιβδεῖ
1199 547 1334 619 μέλαν
1357 546 1495 613 ὕδωρ.

149 609 227 652 105
255 607 348 662 τρὶς
364 609 454 676 μὲν
481 606 564 678 γάρ
592 606 636 650 τ’
665 605 838 662 ἀνίησιν
866 605 937 649 ἐπ’
965 607 1118 676 ἤματι,
1147 604 1240 657 τρὶς
1269 600 1312 645 δ’
1343 600 1595 656 ἀναροιβδεῖ

256 662 416 706 δεινόν.
463 663 521 720 μή
551 662 654 718 σύγε
681 668 795 706 κεῖθι
801 661 988 735 τύχοις,
1019 661 1090 705 ὅτε
1118 657 1415 730 ῥοιβδήσειεν.

257 719 313 762 ου’
341 736 422 774 γαρ
451 735 527 762 κεν
556 718 742 774 ρύσαιτό
772 717 813 762 σ’
843 719 954 762 ὑπὲκ
982 721 1124 761 κακοῦ
1153 714 1252 760 οὐδ’
1280 713 1555 771 Ενοσίχθων

253 773 361 818 ἅλλοὶ
390 774 506 830 μάλα
533 775 734 830 Σκύλλης
762 777 958 830 σκοπέλῳ
987 775 1257 843 πεπλημένος
1286 787 1379 814 conoe

251 835 342 900 νῆα
365 832 496 885 παρὲξ
525 831 677 900 ἐλαᾳν,
705 832 824 884 ἐπειῆ
852 820 966 874 πολὺ
995 831 1206 897 φέρτερόν
1233 829 1349 872 ἐστιν

135 892 221 932 110
249 888 292 940 ἓξ
321 886 499 942 ἑτάρους
527 886 574 930 ἐν
601 889 676 943 νηῒ
699 888 944 943 ποθημεναι
971 887 1001 943 ἢ
1029 886 1119 942 ἅμα
1145 884 1346 935 πάνταςΆ

296 977 513 1021 interrogata
535 975 636 1011 Circe
659 975 702 1011 de
727 976 845 1022 Scylla
869 977 1022 1012 deterret
1045 977 1203 1022 Ulyssem
1227 987 1248 1010 a
1271 973 1467 1008 certamine.

310 1042 393 1096 εὩς
424 1041 576 1101 ἔφατ’,
605 1042 743 1099 αὐτὰρ
773 1041 857 1100 ἐγώ
886 1061 961 1101 μιν
990 1043 1250 1101 ἀτυζόμενος
1278 1041 1557 1100 προσέειπον

74 1168 164 1225 328,
188 1168 230 1205 11.
252 1168 300 1215 ε’,
323 1171 392 1207 812
417 1173 484 1208 etc.
508 1190 554 1197 --
598 1169 709 1212 νεός
741 1183 870 1207 κυαν.

74 1212 100 1249 ι’
109 1240 119 1257 ,
142 1216 212 1252 482
234 1221 301 1251 etc.

121 1262 200 1296 102.
244 1261 446 1317 πλησίον
470 1259 693 1306 ἀλλήλων.
724 1262 790 1296 hoc
806 1273 871 1296 nou

74 1310 130 1339 est
152 1318 324 1351 graecum.
372 1309 422 1342 sic
447 1309 652 1343 scribamus·
677 1327 720 1332 —
741 1306 873 1343 Ὀδυσ-

74 1352 151 1388 σεῦ.
192 1355 338 1399 πλησίοι
362 1352 542 1399 ἀλλήλων,
566 1356 629 1389 καί
652 1366 714 1388 κεν
737 1355 792 1398 6.,
819 1355 872 1388 vi-

74 1399 143 1432 cini
163 1405 244 1434 sunt
265 1401 314 1434 illi
337 1402 482 1445 scopuli,
504 1402 677 1446 possisque
701 1401 744 1433 ab
762 1402 872 1434 altero

74 1445 124 1478 ad
146 1446 295 1480 alterum
325 1449 500 1492 sagittans
532 1448 724 1480 collineare.
760 1457 874 1500 saepe

73 1503 88 1525 ι
112 1495 148 1524 et
169 1503 192 1525 v
215 1492 367 1526 confusa.
415 1491 504 1526 vidit
533 1497 666 1536 partem
697 1492 772 1525 veri
801 1493 875 1527 Am.

73 1536 119 1577 Q.
130 1560 142 1577 ‚
178 1537 234 1581 qui
270 1536 370 1583 plene
411 1537 606 1593 interpungi
644 1538 764 1581 jubeat
798 1541 876 1583 post

66 1579 205 1618 'oenc-5
209 1584 259 1618 εὖ.
305 1581 397 1626 μετὰ
426 1582 468 1619 τὸ
501 1585 618 1625 origen
648 1585 790 1625 τελείως
824 1584 876 1624 εἰς

70 1627 114 1663 τό
143 1626 256 1685 0⁹6„
289 1628 419 1686 inquit,
461 1628 503 1664 τὸ
539 1630 740 1674 πλησίον
778 1628 877 1665 ἀλλ

71 1686 122 1715 ως
145 1672 218 1710 ἀπὸ
239 1653 348 1719 όιλλης
368 1673 483 1720 ἀρχῆς
499 1675 782 1719 προφερόμεθα.
813 1675 876 1709 sed

70 1719 158 1755 idem
183 1721 268 1755 dure
291 1723 445 1766 πλησίον
465 1721 717 1775 interpretatur
739 1724 798 1757 πλ.
823 1722 876 1756 εἰ·

70 1767 129 1802 σίι
152 1770 296 1812 totoque
320 1768 414 1802 coelo
436 1771 552 1811 errat,
579 1780 653 1802 cum
672 1767 772 1801 etiam
794 1770 875 1813 post

68 1813 223 1857 πλησίον
247 1813 519 1857 distinguendum
543 1817 660 1859 putat,
692 1825 792 1859 quam
816 1825 875 1848 ra-

70 1859 196 1893 tionem
220 1858 327 1893 miror
349 1859 555 1894 Buttmanno
581 1859 760 1904 placuisse.

117 1902 512 1961 103-110.ἐρινεὸ
526 1918 554 1946 ς,
571 1906 766 1961 caprzficus.
792 1905 873 1949 432,

70 1949 113 1984 ll.
136 1949 175 1992 ζ’,
200 1949 268 1986 433
288 1955 355 1985 etc.
379 1917 459 1985 ρΕε
493 1947 513 1988 6
545 1949 586 1986 δὲ
610 1951 699 1996 ἔριν.
710 1949 874 2009 ευφυιιῖς

68 1992 144 2032 ὑπὸ
166 1997 236 2033 τοῦ
257 1998 417 2042 ποιητοῦ
433 1996 635 2033 πέπλασται
658 1995 722 2032 διὰ
743 1997 787 2034 τό
809 2011 870 2033 πι-

68 2041 213 2079 θανόν·
257 2043 369 2079 εἴωθε
399 2042 469 2088 γὰρ
505 2044 623 2099 εἰιιῆ,
650 2041 738 2079 ὅποι
779 2041 870 2080 ποτὲ

67 2087 179 2147 τύχῃ,
213 2087 415 2147 αὖτοφυως
445 2103 479 2124 u.
511 2087 578 2126 οὐκ
602 2085 677 2125 ἀπὸ
700 2102 870 2134 χειρομα-

66 2135 149 2180 χίας
172 2135 228 2180 (2)
263 2134 306 2171 τὰ
340 2136 513 2172 τοιοῦτον
545 2135 670 2181 φυτόν
701 2138 870 2193 γίνεσθαι

67 2185 135 2216 etc.
165 2200 212 2206 —
254 2183 314 2228 τῷ
345 2180 382 2218 δ’
415 2195 524 2222 υπο,
556 2183 609 2229 τῷ
642 2180 689 2227 δὴ
713 2182 800 2218 ν’πο.
823 2200 869 2208 -·

66 2227 262 2271 Charybdin
271 2219 427 2274 Neptuni
443 2235 478 2263 et
489 2229 522 2262 Τ
525 2240 621 2263 errae
635 2229 738 2263 filiam
754 2229 870 2270 fuisse,

66 2273 179 2308 nescio
190 2285 256 2319 quo
267 2281 406 2309 auctore
417 2275 597 2309 memoriae
609 2275 760 2320 prodidit
771 2276 869 2309 Serv.

66 2318 113 2352 ad
134 2321 218 2354 Aen.
241 2321 284 2362 3,
309 2320 389 2355 420.
422 2321 454 2355 Ε
479 2321 566 2356 δῖαν
596 2322 659 2364 (cf.
682 2322 782 2363 235.)
805 2333 869 2355 vo-

66 2364 140 2398 cati
172 2364 280 2407 dicit,
311 2370 350 2400 ut
380 2367 467 2401 δῖαν
497 2366 703 2402 θάλασσαν.
750 2366 800 2399 sic
834 2370 869 2400 et

65 2409 253 2444 Echidnam
277 2411 431 2458 epitheto
453 2414 561 2458 θείης
583 2412 720 2447 ornavit
745 2413 868 2447 Hesio-

65 2454 129 2489 dus
163 2455 297 2512 Theog.
327 2458 403 2492 297.
417 2483 427 2500 ,
471 2462 507 2492 et
549 2459 727 2493 Chimaera
771 2458 867 2492 audit

63 2503 172 2536 θεῖον
188 2500 291 2546 γένος
314 2501 514 2559 ll.g'‚1‚80.
548 2505 654 2540 Sch..
677 2502 866 2562 Χάρυβδις

0 2584 2 2598 s
63 2546 255 2604 θαλάσσης
286 2548 407 2605 βάθος
438 2549 681 2587 ἀναποτικόν·
717 2549 793 2586 ἔστι
824 2549 864 2586 δὲ

62 2593 200 2638 μεταξύ
223 2596 293 2629 τοῦ
312 2592 451 2640 Ἀδρίου
476 2609 508 2631 κ.
532 2596 601 2632 τοῦ
633 2596 866 2652 Τυρρηνικοῦ

0 2640 1 2647 ’
62 2639 256 2684 πελάγους.
279 2659 325 2665 —-
355 2642 706 2685 τρὶς-δεινόν.
733 2644 790 2684 δὶς
806 2643 864 2677 di-

64 2689 151 2720 ctum
185 2686 367 2742 requirunt
389 2688 527 2745 Physici
559 2700 614 2734 ap.
646 2689 689 2724 E.
725 2689 789 2725 διὰ
819 2688 861 2725 τὰ

59 2731 122 2767 καὶ
151 2731 220 2776 τήν
250 2731 344 2768 κατά
376 2732 443 2769 τόν
467 2733 655 2770 Σικελικόν
687 2734 863 2790 πορθμὸν

57 2778 300 2835 παλίρροιαν,
339 2775 410 2824 ἀφ’
446 2775 490 2824 ἧς
521 2779 686 2837 ἐπλάσθη
721 2783 780 2818 καὶ
814 2795 860 2817 τα

56 2823 152 2859 κατὰ
171 2824 375 2881 Χάρυβδιν,
399 2824 492 2867 δὶς
478 2825 631 2870 εκάστης
656 2826 789 2871 ἡμέρας
805 2830 860 2872 γί-

56 2872 202 2913 νωθαι,
225 2868 275 2912 ὥς
298 2868 320 2916 ἡ
344 2871 424 2915 περὶ
449 2871 514 2906 τὸν
538 2873 758 2909 Χαλκιδικὸν
781 2873 858 2910 Εὕ-

56 2926 167 2960 ριπον
187 2915 337 2958 ἑπτάκις
358 2915 449 2953 καθ’
474 2916 614 2963 ἡμέραν
633 2919 786 2965 ἑκάστην
805 2923 857 2965 γί-

54 2973 166 2997 νεται.
200 2963 424 2998 recentiorum
438 2964 579 2998 Vossius
591 2965 702 3000 instit.
722 2971 814 3011 posst.
834 2967 855 2999 l.

55 3009 100 3051 1.‚
118 3020 148 3042 c.
161 3008 208 3051 3.,
224 3011 256 3053 §.
268 3010 431 3055 8.‚quem
446 3009 499 3046 (ΣΙ.
518 3010 692 3046 laudavit:
713 3024 856 3054 „errore

918 1170 1110 1216 implicatur
1128 1171 1224 1205 Hom.
1218 1196 1240 1213 .,
1243 1172 1267 1189 ‘⁶
1289 1168 1420 1222 inquit,
1443 1193 1465 1209 ,,
1468 1178 1540 1201 cum
1560 1171 1614 1200 ter
1635 1176 1718 1210 quo-

917 1217 1002 1251 tidie
1025 1217 1126 1251 maris
1153 1221 1281 1251 aestum
1298 1214 1494 1271 contingere
1522 1212 1569 1246 ait
1590 1212 1668 1256 Οὐ)
1671 1223 1717 1244 ss.

918 1262 967 1307 μ’,
988 1263 1079 1304 105.,
1098 1262 1156 1296 ubi
1172 1267 1230 1296 aut
1248 1261 1317 1303 δις,
1335 1272 1403 1295 non
1422 1259 1509 1302 τρὶς,
1534 1259 1719 1303 scripserat

919 1310 1041 1350 Poeta,
1063 1313 1122 1342 aut
1140 1309 1239 1353 plane
1256 1308 1376 1342 deerat
1392 1318 1412 1340 a
1430 1317 1523 1339 vero.
1527 1306 1549 1323 ‘⁶
1583 1315 1664 1337 saue
1684 1304 1719 1336 in

917 1354 1214 1400 reprehensionem
1225 1355 1323 1388 Hom.
1341 1352 1540 1391 incurreret,
1559 1350 1589 1383 si
1602 1360 1720 1384 causas

918 1406 1070 1435 aestuum
1099 1401 1201 1435 maris
1231 1399 1485 1444 perspexisset3
1519 1407 1635 1430 verum
1661 1405 1720 1429 eas

920 1459 982 1481 nec
1005 1447 1130 1490 ipsum,
1163 1457 1227 1480 nec
1249 1446 1428 1491 plerosque
1451 1453 1564 1476 omues
1588 1447 1721 1475 veteres

921 1493 1080 1537 cognitas
1101 1492 1278 1535 habuisse,
1312 1501 1406 1523 nemo
1439 1488 1540 1522 hodie
1571 1487 1594 1520 i
1586 1492 1721 1532 g-norat

919 1539 1026 1583 igitur
1049 1538 1111 1572 hoc
1134 1538 1211 1579 ille,
1249 1543 1288 1570 ut
1319 1537 1410 1570 fama
1440 1540 1640 1578 acceperat,
1673 1533 1722 1567 ita

921 1584 1097 1624 narravit3
1115 1563 1336 1628 similiterque
1352 1582 1451 1615 Maro
1466 1582 1548 1614 Aen.
1569 1581 1603 1622 3,
1620 1581 1720 1613 420.-

921 1632 1077 1664 deoetrum
1101 1631 1215 1673 Scylla
1239 1630 1351 1671 latus,
1374 1628 1509 1661 laevum
1533 1627 1722 1670 implacata

923 1676 1112 1719 Charybdis
1147 1675 1304 1718 obsidet,
1339 1679 1441 1718 atque
1471 1674 1538 1705 imo
1564 1671 1723 1705 barathri

920 1725 976 1756 ter
1003 1721 1148 1767 gurgite
1182 1726 1296 1756 vastos
1318 1722 1440 1754 Sorbet
1471 1719 1508 1752 in
1538 1719 1722 1761 abruptum

913 1770 1062 1812 fluctus,
1094 1778 1277 1811 rursusque
1301 1767 1361 1800 sub
1387 1776 1494 1799 auras
1516 1764 1638 1809 Erigit
1667 1764 1721 1797 al-

919 1820 1054 1851 ternos,
1080 1819 1114 1848 et
1139 1814 1255 1848 sidera
1277 1814 1435 1846 verberat
1454 1811 1561 1845 unda.
1595 1813 1630 1843 et
1653 1808 1719 1842 ibi-

919 1860 997 1894 dem
1028 1861 1127 1895 5665
1168 1863 1223 1892 ter
1256 1858 1385 1903 scopuli
1416 1858 1597 1891 clamorem
1630 1856 1721 1889 inter

918 1917 1008 1941 cava
1030 1917 1116 1939 saxa
1140 1906 1288 1945 dodone,-
1318 1905 1391 1938 Ter
1420 1914 1575 1947 spumam
1598 1902 1718 1935 elisam

918 1956 953 1986 et
991 1952 1149 1986 rorantia
1188 1964 1221 1985 v.
1217 1952 1335 1985 'dimus
1372 1955 1481 1984 astra.
1527 1950 1573 1984 cf.
1612 1947 1717 1982 Ovid.

916 1996 1031 2042 Epist.
1065 2009 1108 2031 ex
1133 1998 1243 2031 Ponto
1271 1996 1314 2038 4,
1341 1998 1405 2037 10,
1430 1997 1488 2029 72.
1519 2006 1607 2051 quae
1641 1993 1716 2027 loca

914 2043 1099 2088 adscripsit
1119 2044 1173 2077 Cl.
1222 2045 1295 2077 Am.
1321 2043 1386 2082 Q.:
1415 2040 1522 2099 τρὶς
1545 2039 1583 2076 δ’
1610 2052 1662 2074 αν
1674 2052 1716 2074 α-

915 2091 1120 2145 ροιβδεῖ.
1154 2089 1262 2132 (236,
1287 2089 1372 2131 431)
1409 2086 1575 2131 ἄμπωτις
1598 2087 1637 2122 δέ
1661 2101 1715 2129 τις

917 2133 1123 2180 [οἶνάπωσίς
1153 2136 1223 2178 τις]
1256 2147 1287 2169 κ.
1298 2133 1586 2193 ἅναρῤόφησις.
1621 2131 1715 2168 ὑπο-

913 2184 1040 2218 νοστεῖ
1073 2180 1235 2226 (decidit)
1265 2179 1335 2225 γὰρ
1365 2180 1407 2216 τὸ
1438 2181 1541 2224 υδωρ
1575 2179 1613 2214 ἐν
1642 2191 1715 2215 τισι

913 2229 1116 2284 κοιλώμασι
1138 2227 1213 2262 τῶν
1235 2228 1397 2284 πετρῶν,
1430 2228 1491 2263 καὶ
1515 2224 1624 2262 πάλιν
1647 2225 1715 2271 ῥή-

913 2288 1059 2331 yvvwct.
1084 2271 1141 2309 ότι
1161 2269 1259 2330 (cg-⁶.)
1283 2273 1324 2309 τό
1345 2271 1446 2317 ’ὕδωρ
1468 2277 1630 2309 καλεῖται
1643 2274 1716 2330 ῥα·

913 2322 988 2366 χία.
1035 2316 1083 2366 ἦν
1107 2318 1147 2354 δὲ
1171 2331 1281 2361 ουτος
1305 2317 1324 2354 ὁ
1349 2320 1461 2362 τόπος
1484 2324 1562 2361 τοῖς
1584 2319 1716 2376 πλέον·

914 2380 972 2402 σιν
993 2365 1236 2407 ἐπικίνδυνος,
1261 2365 1448 2411 [θανάτου
1472 2365 1612 2410 μεστὸς,
1621 2368 1633 2411 ]
1660 2364 1717 2403 ὅτι

912 2411 956 2449 τὸ
981 2415 1113 2449 πλοῖον
1137 2411 1176 2447 ἐν
1198 2414 1318 2459 τούτῳ
1350 2415 1401 2458 τῷ
1423 2413 1526 2457 τόπῳ
1551 2411 1718 2459 ὑποβρύ-

910 2473 992 2505 χιον
1014 2458 1163 2515 ἐγίνετο.
1199 2469 1234 2494 v.
1251 2465 1286 2492 et
1303 2460 1451 2503 ejusdem
1472 2472 1549 2493 ann.
1572 2460 1614 2492 ad
1638 2460 1717 2494 439.

909 2528 956 2533 ——
991 2505 1093 2541 ουδ’
1114 2503 1427 2558 Ἐνοσίχθων,
1461 2517 1505 2539 ne
1537 2505 1716 2548 Ᾱεριιιηιιε

909 2553 1065 2598 quidem,
1098 2550 1156 2595 qui
1180 2555 1383 2596 potestatem
1407 2552 1509 2585 habet
1533 2552 1646 2585 maris.
1672 2570 1715 2576 -

908 2598 1218 2651 πεπλημένος,
1237 2598 1405 2638 admotus,
1421 2598 1713 2652 appropinquans,

909 2657 930 2679 a
953 2647 1078 2690 πλῆμι,
1100 2642 1237 2678 askeim.
1260 2663 1306 2668 —
1336 2642 1627 2688 ποθημεναι,
1652 2646 1713 2679 de-

909 2692 1076 2726 siderare.
1113 2687 1158 2735 β’,
1184 2689 1253 2724 375
1278 2693 1347 2723 etc.

956 2740 1033 2774 111.
1080 2733 1391 2778 ατυζόμενος.
1433 2735 1483 2769 sic
1513 2746 1630 2779 margo
1655 2748 1715 2770 co-

907 2783 993 2816 dicis
1012 2784 1051 2816 A.
1069 2782 1102 2817 4.
1122 2794 1141 2815 a
1158 2793 1255 2815 manu
1276 2783 1307 2815 1.
1346 2781 1426 2814 sch.
1443 2793 1578 2825 quoque
1599 2794 1713 2817 emen-

905 2829 1028 2862 datus:
1063 2824 1374 2881 ἀτυζόμενος,
1411 2825 1712 2872 ἐκπληττόμενος.

903 2875 1005 2918 vulgo
1041 2874 1139 2907 libri.
1184 2870 1443 2918 ἀμειβόμενος,
1484 2873 1585 2928 quo-d·
1620 2875 1710 2910 haud

904 2920 1075 2954 commode
1092 2919 1251 2963 usurpari
1271 2919 1355 2952 dicit
1371 2920 1499 2953 Buttm.
1523 2920 1586 2953 nisi
1609 2920 1707 2956 finito

902 2966 1044 3000 alteiius
1062 2976 1238 3007 sermone,
1263 2976 1336 2999 cum
1357 2965 1429 3000 h.1
1455 2964 1579 3000 Circen
1601 2966 1708 3012 Ulys-

901 3023 956 3046 ses
978 3011 1186 3056 interpellet.

1844 2586 1846 2639 A
