1846 3282
536 149 1118 191 ΟΔΤΣΣΕΙΑΣ
1173 152 1231 192 Η.

1643 153 1728 192 219

235 259 308 302 καὶ
337 254 420 313 γὰρ
451 257 551 328 ἐγώ
566 257 705 310 ξεῖνος
732 258 1018 328 ταλαπείριος
1036 255 1188 302 ἐνθάδ’
1221 257 1358 303 ῖκάνω

149 318 202 360 25
233 314 418 370 τηλόθεν
451 314 494 366 ἐξ
527 312 659 370 ἀπίης
687 316 835 370 γαίης’
869 332 929 374 τῳ
961 312 1116 387 or’a‘zhvoc
1147 311 1248 357 οἶδα

236 371 513 423 ἀνθρώπων,
546 375 590 430 οἳ
616 372 742 428 τήνδε
772 360 912 415 πόλιν
933 373 1006 415 καὶ
1037 371 1142 426 ε’ργα
1172 371 1389 425 νέμονται.
1402 374 1428 396 “

317 428 405 471 Τόν
435 426 481 470 6'
511 423 614 472 αὖτε
642 429 872 482 προσέειπε
900 428 983 471 θεὰ
1016 431 1269 481 γλαυκῶπις
1293 426 1480 498 ἈθηνηΙ

159 489 177 508 *
211 484 390 539 ,,τοιγάρ
421 483 505 539 ἐγώ
535 502 626 537 τοι,
657 486 765 536 ξεῖνε
794 484 950 537 πάτερ,
985 483 1146 539 δόμον,
1177 483 1230 526 ὅν
1257 499 1310 539 με
1340 485 1540 537 κελεύεις,

236 542 383 592 δείξω,
414 540 505 584 ἐπεί
533 558 609 598 μοι
640 541 803 594 πατρὸς
834 539 1062 610 ἀμύμονος
1092 539 1247 595 ἐγγύθι
1276 542 1404 583 ναίει.

151 604 206 642 80
238 596 334 640 ἀλλ’
365 599 433 640 ἰ’θι
443 602 564 668 ’,σιγῇ
593 602 713 640 τοῖον
744 596 849 651 (ἐγω
883 597 928 640 δ’
959 595 1069 640 ὁδόν
1097 597 1430 670 ἡγεμονεύσω),

230 654 338 727 μηδέ
367 651 454 697 τιν’
471 653 737 708 ἀνθρώπων
766 653 1047 706 προτιόσσεο,
1078 653 1182 710 μηδ’
1216 654 1397 706 ἐρέεινε·

236 710 292 753 ου’
321 711 434 773 γὰρ
437 712 604 762 ξείνους
634 712 727 754 υίδε
757 708 864 765 μάλ’
895 708 1166 762 ἀνθρώπους
1197 710 1439 765 ἀνέχονται,

237 766 338 811 οὐδ’
369 748 691 823 ἀγαπαζόμενοι
720 765 923 822 φιλέουσ’
936 799 946 818 ,
978 767 1029 818 ὅς
1058 766 1101 810 κ’
1134 767 1326 811 ἄλλοθεν
1358 767 1494 810 ἔλθοι.

233 825 363 880 νηυσὶ
393 828 571 895 θοῇσιν
585 825 701 876 τοίγε
729 823 991 875 πεποιθότες
1024 822 1202 882 ω’κείῃσι
1296 866 1306 894 ‚¹

149 885 205 926 35
240 885 398 936 λαῖτμα
427 879 524 950 μέγ’
554 878 842 934 ἐκπερόωσιν,
872 880 963 923 ἐπεί
997 893 1124 936 σφισι
1155 878 1266 923 δωκ’
1277 878 1585 960 αἘνοσίχθων

197 980 206 984 ,
237 941 326 980 τῶν
355 937 448 987 νέες
479 936 652 987 ὠκεῖαι,
685 935 785 980 ωσεὶ
816 936 1003 991 πτερόν,
1033 937 1080 990 ἦε
1110 936 1300 1008 νόημαῦι

300 992 384 1044 Ὣς
415 991 502 1047 ἀρα
532 992 769 1064 φωνήσασ’
796 993 989 1065 ἡγήσατο
1024 994 1203 1044 Παλλὰς
1230 991 1392 1048 Ἀθήνη

228 1051 446 1104 καρπαλίμ
455 1067 540 1101 ως·

584 1050 607 1094 ὁ
640 1049 683 1094 6'
717 1051 860 1094 ἔπειτα
890 1050 988 1105 μετ’
1018 1053 1136 1120 ι’χνια
1164 1054 1288 1119 βαῖνε
1319 1053 1458 1092 θεοῖο.

231 1108 310 1149 τὸν
345 1105 390 1150 δ’
420 1106 508 1161 ἄρα
543 1109 734 1162 Φαίηκες
763 1109 1050 1151 ναυσικλυτοὶ
1081 1106 1165 1151 οὐκ
1195 1105 1398 1160 ἐνόησαν,

147 1163 203 1207 40
233 1162 470 1236 ἐρχόμενον
498 1163 608 1208 κατά
645 1163 754 1215 ἄστυ
785 1165 858 1208 διὰ
889 1164 1048 1219 σφέας·
1081 1164 1135 1207 οὐ
1164 1164 1247 1234 γάρ
1275 1162 1444 1232 Ἀθήνη

234 1221 301 1262 εία
331 1220 628 1275 ἐυπλόκαμος,
661 1221 782 1276 δεινὴ
810 1221 942 1272 θεὸς,
973 1220 1001 1276 ἥ
1033 1222 1088 1276 ῥά
1119 1223 1163 1264 οἱ
1192 1219 1327 1275 ἀχλύν

232 1278 469 1330 θεσπεσίην
498 1277 718 1331 κατέχευε,
751 1279 859 1332 φίλα
894 1276 1133 1331 φρονέουσ’
1166 1277 1232 1320 ἐνὶ
1261 1278 1408 1332 θυμῷ.

234 1333 463 1387 θαύμαζεν
496 1332 538 1376 6'
569 1333 778 1385 Ὀδυσευς
807 1335 1004 1389 λιμένας,
1035 1335 1110 1377 καὶ
1137 1338 1248 1390 νῆας
1277 1333 1423 1384 ἐίῇσας,

236 1388 386 1433 αὐτῶν
415 1389 465 1433 θ’
495 1388 654 1445 ἡρώων
684 1388 864 1446 ἀγορας,
898 1391 971 1433 καὶ
1000 1392 1138 1446 τείχεα
1169 1388 1331 1446 μακρὰ,

151 1446 206 1490 45
238 1443 405 1514 ὑψηλοὶ,
437 1446 724 1490 σκολόπεσσιν
755 1446 973 1517 ἀρηρότα
1005 1452 1161 1500 θαῦμα
1192 1447 1379 1489 ἰδέσθαι.

235 1500 333 1546 ἀλλ’
362 1502 434 1547 ὅτε
464 1503 516 1559 δὴ
546 1506 755 1560 βασιλῆος
785 1502 1008 1560 ἀγακλυτὰ
1040 1503 1222 1561 δώμαθ’
1253 1504 1421 1557 ι’κοντο,

65 1656 108 1663 -
134 1637 522 1682 ταλαπείριοςζζ
551 1641 628 1675 193.
655 1661 698 1668 --
736 1639 870 1685 τηλό·

65 1686 397 1730 θεν-γαίης.
438 1684 648 1728 11.oe'‚27o.

109 1743 167 1777 28.
215 1742 383 1787 δόμον,
411 1741 462 1778 ὅν
484 1756 538 1787 με
561 1746 653 1779 usi..
689 1744 799 1778 malim
825 1757 870 1779 ου

62 1800 107 1845 με
123 1801 168 1830 κ.,
193 1791 247 1823 cui
264 1795 457 1834 congruunt
479 1791 585 1824 verba
602 1789 677 1825 επεὶ
698 1810 742 1815 —-
763 1791 870 1825 ναίει.

65 1830 110 1869 ὃν
132 1835 311 1880 scripsisse
344 1836 524 1876 videntur,
562 1841 743 1891 postquam
774 1837 871 1882 lege-

66 1887 146 1916 rant
169 1881 249 1923 48.‚
275 1882 371 1926 cujus
396 1881 460 1915 loci
485 1882 553 1916 alia
577 1889 631 1916 est
654 1882 754 1917 ratio.

111 1939 283 1974 31-36.
330 1938 636 1982 προτιόσσεο.
683 1941 736 1975 Ε.
759 1940 873 1985 πρόσ-

64 1984 180 2030 βλεπε.
220 1997 252 2018 v.
275 1997 353 2021 ann.
380 1985 423 2019 ad
444 1985 483 2018 Il.
504 1983 642 2029 χ,356.
662 2006 704 2012 -
732 1989 804 2024 Αιιι.
823 1988 870 2028 Q.

65 2036 102 2064 et
124 2031 168 2064 H.
189 2031 378 2065 emendati:
404 2030 673 2076 ἀνέχονται
700 2030 782 2069 ἀντὶ
803 2035 874 2069 τοῦ

64 2075 288 2133 ἀνθρώπους
313 2076 502 2122 ἀνέχοντες
524 2077 779 2124 υποὸἑχονται.
819 2081 872 2114 E=

63 2136 149 2166 ητοι
173 2123 344 2180 ἀνέχουσι
368 2138 398 2158 κ.
423 2127 566 2167 τιμῶιωι
590 2145 630 2150 -
673 2128 744 2160 Am.
770 2127 810 2160 Β.
836 2133 872 2160 et

68 2169 137 2203 H.:
181 2167 383 2214 ἀγαπαζ.
421 2169 640 2227 παθητικὸν
676 2171 759 2208 οἷντὶ
802 2174 872 2207 τοῦ

30 2239 40 2248 .
65 2214 311 2261 ἐνεργητικοῦ.
336 2218 377 2253 τὸ
395 2216 434 2252 δε
451 2219 676 2262 φιλέουσι
697 2219 762 2264 (α’,
775 2221 872 2262 123.)

64 2262 156 2304 μετὰ
179 2264 331 2308 στοργῆς
350 2265 543 2308 ξενίζουσι.
569 2264 798 2309 φιλέουσί
819 2280 873 2300 τι-

68 2320 116 2342 να
132 2310 188 2342 vel
208 2309 358 2347 ἐκεῖνον.
378 2329 421 2336 -
445 2310 760 2354 πεποιθότες,
774 2313 872 2355 freti.

69 2367 104 2394 ι,
133 2356 220 2396 107,
247 2357 285 2390 ll.
309 2356 359 2399 μ’,
386 2358 450 2394 135
471 2364 538 2392 etc.
563 2378 607 2384 —-
642 2358 745 2394 ἐπεί
770 2371 874 2402 σφι-

67 2413 112 2435 σι
130 2401 162 2434 6.
185 2399 473 2447 Ἐνοσίχθων
495 2404 536 2439 τὸ
562 2404 718 2448 ἐκπερᾷν
739 2409 875 2448 λαῖτμα

68 2445 178 2490 μέγα,
204 2449 358 2492 quoniam
383 2450 446 2484 hoc
467 2451 535 2485 illis
559 2451 656 2485 dedit
675 2454 874 2506 Neptunus,

69 2499 109 2527 ut
131 2505 224 2527 mare
245 2495 457 2538 navigarent.
512 2500 620 2538 ,τῶν
642 2520 688 2525 —-
709 2497 876 2543 νόημα.

71 2539 251 2573 Claudian.
277 2541 320 2574 de
345 2542 385 2574 R.
407 2543 502 2576 Pros.
527 2545 562 2585 ⁶2,
585 2546 684 2578 900..
709 2551 877 2590 quantum

69 2597 136 2619 non
156 2587 277 2619 Parthi
291 2588 461 2630 jaculum,
484 2601 552 2622 non
576 2591 723 2634 impetus
748 2592 877 2632 Austri,

69 2632 152 2666 Non
177 2634 250 2665 leve
273 2634 440 2667 sonu-itae
462 2637 584 2670 mentis
608 2638 769 2671 discurrit
793 2650 878 2671 acn-

68 2678 682 2725 men.Cic.'1usc.D³sp.1,19.:
715 2685 802 2718 nihil
827 2688 879 2717 est

70 2725 185 2758 animo
210 2726 380 2765 velocius‚·
403 2729 500 2760 nulla
521 2733 570 2761 est
593 2730 763 2772 celeritas,
788 2741 877 2775 quae

68 2772 175 2814 possit
204 2783 280 2804 cum
314 2773 422 2805 animi
453 2775 630 2808 celeritate
661 2778 877 2811 contendere.

70 2817 594 2860 cl.cf.ann.ad11.0‚8o

116 2876 174 2914 37,
198 2877 254 2910 38.
303 2874 348 2921 β’,
373 2875 453 2918 405,
477 2878 557 2918 406,
582 2891 624 2922 y,
649 2880 706 2920 29,
729 2881 787 2915 30.
833 2880 879 2916 cf.

73 2932 112 2961 2,
138 2923 318 2963 192‚193.

117 2977 286 3013 39—47.
335 2981 677 3014 ναυσικλυτοί.
722 2982 882 3026 analogia

74 3033 215 3068 poscere
240 3025 400 3068 videtur,
424 3030 461 3060 ut.
485 3026 658 3062 scribatur
682 3030 881 3064 ναυσίκλυ-

916 1654 996 1677 tot:
1033 1642 1094 1675 sed
1120 1654 1153 1675 v.
1179 1642 1379 1675 Buttmann.
1407 1637 1517 1672 Lexil.
1551 1639 1643 1678 106.‚
1674 1636 1735 1671 ubi

917 1688 1080 1730 ostendit,
1107 1687 1360 1722 Grammaticos
1380 1685 1415 1719 in
1436 1684 1552 1718 verbis
1567 1684 1735 1728 ejusmodi

918 1734 1121 1779 compositis
1161 1733 1291 1777 distign
1280 1744 1381 1766 uere
1423 1730 1622 1772 σύνθεσιν,
1658 1741 1734 1764 cum

918 1792 985 1814 ιοΧ
1022 1780 1236 1814 declinabilis
1270 1764 1491 1834 (πτωτικόν)
1525 1778 1648 1821 juncta
1680 1780 1735 1809 est

919 1826 1111 1871 adjectivo,
1148 1831 1186 1860 ut
1209 1825 1449 1868 τοξόκλυτος,
1468 1822 1734 1865 ὀνομάκλυτος,

919 1885 939 1906 a
973 1872 1200 1914 παραθέσει,
1238 1883 1311 1905 cum
1337 1870 1589 1905 indeclinabilis
1611 1870 1735 1914 juncta

919 1923 989 1961 est,
1019 1920 1114 1953 velut
1140 1916 1362 1962 ἀγακλυτὸς,
1395 1915 1631 1960 περικλυτός,
1670 1928 1735 1956 τη-

917 1962 1099 2005 λεκλυτός.
1148 1965 1418 1999 annumerabant
1450 1969 1564 1997 autem
1589 1961 1736 1996 indecli-

917 2012 1089 2046 nabilibus
1115 2011 1281 2056 quidquid
1308 2011 1350 2044 ab
1373 2009 1503 2044 usitata
1526 2008 1734 2043 formatione

919 2058 1085 2091 nominum
1121 2059 1345 2099 abhorreret,
1385 2068 1530 2101 cumque
1554 2056 1654 2089 Hom.
1679 2055 1734 2087 di-

918 2109 975 2138 cat
1007 2101 1222 2147 νηυσὶ,τὸ
1258 2114 1428 2137 ναυσι-
1461 2103 1635 2136 habebant
1669 2112 1733 2145 pro

917 2150 1148 2184 indeclinabili
1180 2150 1255 2183 sive
1284 2146 1465 2194 ἀπτωτῳ,
1497 2153 1533 2182 et
1557 2153 1733 2181 accentum

921 2196 1091 2240 adje‹tivo
1117 2196 1362 2230 adscribebant
1385 2207 1488 2250 eum,
1500 2206 1600 2239 quem
1626 2194 1734 2227 habe-

919 2249 973 2277 ret
996 2243 1122 2277 κλυτοὶ
1143 2244 1340 2286 appositum
1366 2240 1511 2281 nomini,
1545 2252 1608 2274 nec
1641 2251 1734 2272 com-

921 2288 1085 2334 positum,
1123 2288 1233 2323 ναυσὶ
1266 2289 1406 2323 κλυτοί.
1454 2267 1562 2332 igi'tur
1589 2286 1735 2321 Ναυσί-

919 2338 1015 2376 θοος
1041 2335 1204 2379 scriptum
1230 2335 1408 2379 legiturg,
1432 2334 1479 2377 7.‚
1505 2339 1647 2366 accentu
1662 2343 1736 2365 mu-

921 2387 1014 2422 tato,
1055 2382 1183 2426 quippe
1216 2381 1249 2414 in
1281 2380 1416 2415 nomine
1452 2378 1614 2433 proprio:
1659 2389 1736 2412 nam

922 2428 1168 2472 appellativum
1193 2433 1334 2461 sonaret
1358 2423 1577 2464 νανσιθοός.
1618 2436 1660 2458 en
1681 2435 1737 2458 cor

926 2474 1117 2514 Zenodoti,
1152 2485 1194 2507 en
1214 2475 1318 2529 jecur
1345 2472 1520 2507 Cratetis!
1546 2491 1588 2496 —
1634 2471 1737 2504 sch.-

924 2519 1002 2555 διὰ
1027 2519 1187 2561 σφέας.
1224 2517 1308 2554 ἀντὶ
1333 2521 1403 2555 τοῦ
1424 2515 1477 2553 δι’
1505 2515 1641 2551 αὐτων.
1667 2517 1737 2551 Η.;

925 2566 1015 2607 ἔθος
1034 2569 1084 2612 τῷ
1110 2579 1245 2621 ποιητῃ
1270 2564 1337 2611 τήν
1372 2565 1450 2600 διοὶ
1476 2567 1558 2604 ταῖς
1581 2564 1740 2598 αἰτιατι-

923 2617 1007 2652 καῖς
1041 2611 1267 2648 συντάσσειν.
1291 2633 1336 2637 —
1381 2613 1567 2655 τείχεα,
1602 2609 1741 2643 moenia

924 2659 1030 2693 urbis.
1055 2659 1095 2702 ζ’,
1112 2661 1190 2694 262.
1212 2678 1256 2684 -
1284 2657 1610 2694 σκολόπεσσιν
1633 2654 1739 2701 ἀρη-

924 2704 1056 2750 ρότα,
1089 2707 1203 2749 pinnis
1228 2711 1314 2749 apta
1339 2705 1413 2738 sive
1438 2703 1621 2739 instructa.
1658 2714 1739 2748 per-

925 2764 1042 2798 peram
1077 2753 1268 2795 interpres:
1304 2751 1406 2784 vallis
1437 2751 1583 2783 munita.
1630 2760 1740 2792 neque

925 2799 1012 2832 enim
1039 2799 1094 2831 hic
1119 2798 1202 2831 dicit
1226 2798 1371 2837 fossam,
1400 2796 1501 2829 vallis
1527 2796 1605 2840 (mit
1631 2795 1741 2837 Psak-

925 2847 997 2887 len)
1022 2845 1223 2877 instructam
1248 2849 1346 2887 parte
1369 2842 1548 2884 interiore,
1571 2846 1611 2875 ut
1636 2842 1671 2875 ll.
1691 2839 1738 2885 η’,

926 2891 996 2926 440
1029 2896 1063 2923 ct
1099 2901 1203 2944 saepe
1239 2890 1323 2922 alias
1354 2888 1388 2921 in
1421 2888 1479 2923 illo
1504 2887 1665 2922 carmine.
1703 2899 1737 2921 v.

926 2938 1031 2970 Scbn.
1050 2949 1080 2969 v.
1108 2935 1261 2978 σκόλοψ.
1313 2934 1425 2979 pinnis
1449 2933 1581 2968 moenia
1606 2939 1642 2968 et
1666 2945 1737 2967 mu-

929 2983 1086 3021 niuntur,
1111 2982 1205 3014 velut
1228 2981 1316 3025 apud
1344 2981 1528 3015 Caesarem
1553 2980 1595 3014 de
1620 2981 1662 3014 B.
1687 2981 1734 3013 G.

930 3031 964 3070 5,
989 3029 1046 3070 40,
1075 3032 1110 3062 et.
1135 3033 1320 3070 ornantur,
1345 3031 1382 3062 ut
1407 3028 1440 3062 Ιι.
1466 3027 1503 3070 1.,
1529 3038 1602 3062 cum
1628 3026 1733 3061 muni·
