1856 3282
169 154 253 195 226

793 152 1208 197 ΟΜΗΡΟΥ

330 258 541 304 ἔκτοσθεν
570 259 617 305 δ’
649 260 795 333 αυλῆς
812 261 944 317 μέγας
974 261 1162 317 ὄρχατος
1191 261 1291 333 ἄγχι
1318 264 1507 319 θυραων
1538 294 1546 301 κ

334 315 595 372 τετράγυος,
623 319 722 371 περὶ
752 317 795 361 6'
827 319 956 372 ἕρκος
987 319 1186 388 ἐλήλαται
1216 319 1546 376 ἀμφοτέρωθεν.

336 371 446 415 ἔνθα
474 374 520 417 δὲ
551 374 734 427 δένδρεα
763 375 908 429 μακροὶ
937 375 1125 428 πεφύκει
1153 379 1445 432 τηλεθόωντα,

225 430 305 472 115
336 428 509 484 ὄγχναι,
538 431 611 474 καὶ
641 431 779 485 ῥοιαὶ,
809 431 882 474 καὶ
911 432 1065 486 μηλέαι
1094 430 1410 488 ἀγλαόκαρποι,

336 491 469 529 συκαῖ
493 503 537 530 τε
565 488 796 542 γλυκεραὶ,
824 487 898 530 καὶ
928 487 1068 530 ἐλαῖαι
1090 489 1373 559 τηλεθόωσαι.

332 541 453 585 τάων
483 542 643 586 οὔποτε
676 543 842 597 καρπός
869 543 1134 595 ἀπόλλυται,
1167 543 1266 588 οὐδ’
1297 546 1502 590 ἐπιλείπει

333 600 557 653 χείματος,
590 598 693 643 οὐδὲ
722 600 901 655 θέρευς,
933 600 1174 655 ἐπετήσιος,
1214 601 1325 646 ἀλλὰ
1353 600 1457 671 μάλ’
1489 601 1574 646 αἰεὶ

334 658 530 724 Ζεφυρίη
559 659 771 700 πνείουσα
798 673 853 699 τα
884 674 963 712 μεν
993 658 1119 713 φύει,
1150 657 1259 700 ἄλλα
1289 659 1335 702 δὲ
1364 659 1533 702 πέσσει·

222 715 302 755 120
333 711 464 767 ὄγχνη
499 711 566 755 ἐπ’
574 712 728 784 ὄγχνῃ
758 713 988 769 γηράσκει,
1027 719 1182 783 [μῆλον
1214 712 1259 757 δ’
1295 715 1362 758 ἐπὶ
1392 732 1449 770 μη

1440 714 1527 770 ’λῳ.

331 768 488 824 [αὐτὰρ
519 769 587 814 ἐπὶ
617 774 819 828 σταφυλῇ
849 770 1098 829 σταφυλὴ,]
1124 775 1265 816 σῦκον
1295 771 1337 817 δ’
1369 772 1440 817 επὶ
1470 770 1605 827 σύκῳ.

476 935 698 948 ιιιιι

160 934 316 980 inprimis
341 935 581 971 litteratissimi
606 938 779 983 Bottigeri
802 940 970 975 Racema-

161 982 273 1014 tiones
298 982 341 1014 de
374 994 411 1015 re
437 982 586 1017 bentensi
612 994 785 1027 veterum,
819 999 906 1030 quas
934 992 968 1020 et

161 1027 195 1060 h.
228 1027 251 1060 1.
295 1027 451 1061 laudavit
485 1031 525 1063 B.
539 1055 548 1072 ‚
590 1037 626 1064 et
659 1031 694 1064 in
730 1033 966 1087 superioribus

158 1071 326 1106 Montbel.
363 1085 441 1107 ann.
474 1076 518 1108 ad
549 1077 605 1110 69.
629 1096 675 1102 —
708 1080 782 1112 Αιιι.
807 1079 866 1111 B.:
891 1076 943 1122 ὅρ
948 1099 965 1105 -

156 1129 316 1161 χατος.
351 1118 429 1173 (ω’,
448 1121 590 1161 221,1ι
617 1121 659 1165 ξ
689 1126 754 1160 123
779 1125 965 1168 ειε.)δεν-

158 1165 348 1217 ὸροφόρος
381 1165 440 1210 γῆ.
485 1167 586 1200 Sch.=
621 1166 645 1213 ἡ
671 1168 731 1204 ἐπὶ
756 1174 879 1214 στίχον
902 1171 965 1205 καὶ

157 1208 198 1244 ἐν
221 1211 323 1253 τάξει
347 1211 436 1253 [τῶν
469 1210 655 1258 α’μπέλων]
691 1218 825 1259 φυτεία
857 1215 966 1258 ὄρχα-

156 1269 220 1296 τος
243 1257 394 1301 λέγεται,
418 1254 441 1302 ἢ
463 1260 593 1302 κῆπος.
640 1262 705 1318 Ap.
730 1261 878 1295 emenda
905 1261 965 1319 ὄρ-

156 1315 232 1347 χος.
262 1302 286 1348 ἡ
313 1302 492 1346 έπίστιχος
518 1306 652 1347 φυτεία
678 1304 700 1350 ἢ
731 1309 878 1363 κηπεία.
923 1309 967 1344 ὅν

155 1361 251 1389 τινες
293 1347 556 1406 ἐτυμολογοῦσι
589 1353 692 1396 παρὰ
736 1355 777 1389 τὸ
822 1352 968 1398 ὀρωρύ-

154 1398 247 1439 χθαι
264 1394 337 1451 τὴν
361 1410 443 1450 γην.
491 1395 658 1452 (ἄλλως.)
683 1397 703 1455 6
729 1399 883 1446 βόθρος,
912 1402 967 1437 οὶ-

158 1444 235 1477 ονεὶ
260 1440 405 1497 ὄρυχός
415 1456 470 1484 τις
495 1441 568 1486 ων,
602 1443 691 1486 εἰς“
680 1444 722 1482 ὀν
745 1445 967 1491 καταβαλλε-

154 1500 216 1523 ται
238 1488 280 1522 τὸ
306 1485 439 1543 φυτόν.
473 1489 680 1547 ὄρχατος
704 1490 745 1527 δε
771 1494 885 1528 οἱονεὶ
908 1494 966 1551 έρ-

153 1547 279 1578 χατος,
305 1533 369 1570 διά
393 1534 435 1570 τὸ
470 1535 643 1581 ἔρχεσθαι
668 1536 723 1573 δι’
749 1539 870 1574 αὐτοῦ
900 1542 966 1576 τὸν

153 1582 289 1625 κῆπον.
339 1592 405 1615 nou
429 1581 518 1616 vidit
543 1584 665 1629 Sophis
670 1590 723 1626 ta,
757 1585 848 1630 quod
872 1588 967 1630 quis-

153 1639 220 1672 que
243 1627 383 1668 videat,
415 1623 574 1673 ὄρχατον
607 1632 746 1676 proprie
777 1632 866 1665 idem
891 1645 967 1667 esse

153 1680 259 1717 atque
294 1672 424 1717 ὄρχον,
458 1687 478 1708 a
511 1687 577 1720 quo
610 1677 720 1711 forma
753 1689 820 1711 non
857 1679 965 1723 magis

153 1719 273 1752 differt
305 1731 406 1764 quam
428 1719 609 1764 μέσσατος
639 1734 659 1756 a
681 1722 831 1767 μέσσοςτ
866 1724 964 1758 inva-

152 1765 219 1798 luit
246 1771 358 1799 tamen
384 1777 475 1808 usus,
501 1773 540 1801 ut
564 1765 672 1813 ὄρχος
696 1769 869 1804 diceretur
890 1773 964 1805 στί·-

151 1823 216 1855 χος
234 1814 385 1868 φυτῶν,
411 1814 494 1846 ordo
508 1815 661 1858 singulus
679 1816 869 1861 plantarum
889 1818 964 1851 sive

152 1858 328 1899 arborum,
370 1856 523 1902 ὄρχατος
555 1868 667 1895 autem
701 1862 855 1895 ordinum
877 1863 963 1896 isto-

151 1914 225 1937 rum
258 1904 470 1949 complexio,
507 1907 583 1940 sive
615 1908 744 1943 hortus.
798 1909 844 1943 cf.
881 1911 960 1952 127,

151 1949 200 1988 N,
228 1956 264 1983 et
289 1961 365 1983 ann.
392 1952 435 1984 ad
462 1950 503 1994 ξ
526 1952 549 1988 1
573 1965 603 1986 c
629 1973 675 1978 —
716 1954 768 1987 Ε.
793 1953 961 1998 τετρά-

105 1997 109 2000 ’
150 2007 292 2040 γυος,
318 1991 365 2030 οὗ
388 1996 539 2056 ξκάστη
545 1999 620 2034 τῶν
636 1999 824 2042 τεσσάρων
846 2006 958 2036 πλευ-

150 2042 228 2085 ραῐν
252 2042 346 2086 γύην
368 2047 484 2098 εῖχεν,
527 2045 590 2080 ἵνα
622 2043 644 2091 ᾖ
677 2046 958 2092 τετράπλεθρος,

151 2089 255 2143 φασί.
302 2101 537 2135 τετραγωνος.
566 2092 622 2136 (2)
647 2093 872 2139 ἰσόπλευρος.
904 2096 957 2138 (2)

149 2132 221 2178 γύη
248 2131 288 2169 δε
311 2136 417 2179 (haec
449 2137 558 2172 forma
591 2139 694 2174 dubia
722 2146 786 2174 est.
835 2140 957 2195 Eurip.

149 2181 290 2214 Heracl·
344 2184 448 2218 812:
495 2178 525 2218 ὦ
567 2183 633 2219 τὸν
666 2185 842 2243 Ἀργείων
863 2185 957 2231 γύην

149 2228 385 2283 Σπειροντες,
419 2229 477 2263 ubi
500 2241 533 2264 v.
563 2231 791 2286 Ειιιιειεῇυεη)
817 2228 842 2276 ἢ
866 2232 957 2277 γύης

149 2270 359 2316 ἀρσενικόν,
383 2274 516 2318 μέτρον
540 2279 617 2321 γῆς.
650 2279 858 2322 (mensuram
883 2291 955 2313 eam

150 2319 182 2352 Ε
206 2325 242 2352 et
265 2319 379 2363 Eqm.
404 2322 528 2365 piethri
557 2335 633 2358 esse
658 2325 793 2363 dicunt,
820 2326 892 2359 Am.
914 2326 957 2359 B.

149 2370 187 2398 et
207 2365 248 2398 Ε.
261 2373 296 2398 et
311 2367 343 2399 H
369 2366 510 2401 duorum
529 2370 730 2412 stadiorum,
743 2369 825 2404 miro
841 2376 955 2405 autem

149 2422 269 2445 errore
291 2412 393 2446 Schn.
420 2414 453 2449 h.
477 2426 510 2450 v,
528 2416 623 2459 γύην
640 2416 727 2450 idem
747 2428 870 2450 sonare
892 2428 956 2462 pu-

148 2461 202 2491 tat
225 2464 329 2501 atque
351 2457 540 2520 ὄργυιαν.)
564 2463 600 2497 οὶ
626 2460 666 2497 δε
689 2463 842 2498 παλαιοὶ
862 2463 954 2508 φασι

153 2503 261 2558 [καὶ]
271 2502 329 2538 ὅτι
351 2507 443 2550 γύης
466 2507 527 2541 καὶ
549 2510 683 2553 μέτρον
705 2511 783 2554 γῆς,
809 2510 869 2544 καὶ
891 2509 954 2552 με’·

148 2562 220 2606 ρος
237 2545 408 2593 ἀρότρου.
453 2553 616 2607 (ῌεείοᾱ.
637 2556 733 2612 Opp.
758 2556 858 2600 425)
883 2555 954 2590 ὥσ·

147 2592 390 2639 τεοῖρσενικὸν
406 2594 427 2634 6
447 2598 547 2644 γύης.
560 2621 605 2626 --
629 2599 870 2658 ἐλήλαται.
895 2604 952 2638 86.

148 2660 191 2667 -
208 2641 536 2723 τηλλεθόωντα.
563 2645 602 2688 ε’,
626 2649 682 2682 63.
703 2666 748 2673 —-
771 2646 951 2692 ὄγχναι,

297 2692 413 2732 ,588,
443 2691 497 2734 ω’,
529 2672 609 2734 233⁹,
645 2695 724 2728 246.
766 2705 799 2727 v.
823 2695 953 2729 Biner-

532 2740 723 2774 130—132.
735 2758 779 2765 —-
801 2739 951 2784 ῥοιαὶ,

147 2781 234 2813 mali
274 2781 436 2818 Punicae.
476 2797 511 2821 v.
546 2785 686 2818 Billerb.
723 2797 758 2830 p.
793 2785 870 2822 124.
905 2806 948 2811 -

145 2825 338 2870 μηλέαι,
372 2831 469 2865 mali.
502 2828 545 2871 λ’,
569 2833 650 2874 588,
683 2830 734 2874 ω’,
759 2831 838 2867 340.
880 2833 947 2866 Η.-

144 2871 188 2906 τὸ
211 2874 380 2917 μηλέαι
402 2875 461 2917 ξώς
485 2878 580 2913 ἰτέαι
599 2890 631 2912 κ.
659 2877 806 2919 συκέαι,
840 2875 860 2914 ὃ
885 2892 948 2913 κα-

145 2917 191 2953 to}
214 2921 343 2962 κρᾶσιν
363 2921 487 2967 γέγονε
509 2924 571 2959 καὶ
596 2927 724 2966 συκαῖ,
751 2921 800 2966 ὠς
822 2928 943 2970 γαλαῖ.

144 2983 187 2989 -
212 2963 462 3004 ἐπιλείπει.
501 2971 551 3005 ita
575 2975 657 3004 vett.
682 2970 774 3012 edd„
807 2971 842 3004 in
867 2971 944 3015 qui-

146 3010 209 3045 bua
227 3011 302 3047 Διά.
336 3013 390 3056 3.
417 3015 554 3063 Steph„
591 3016 644 3054 CI.
667 3022 774 3053 recte.
823 3016 943 3063 MSS„

144 2688 228 2731 piri

147 2734 244 2767 beck.
257 2735 340 2769 Flor
369 2737 467 2772 class.
483 2751 517 2784 p.

1015 953 1099 986 quos
1122 942 1225 976 hodie
1249 945 1460 987 sequuntur.
1491 936 1705 980 ἀπολείπει,
1739 949 1821 972 con-

1014 989 1147 1022 fusione
1180 989 1268 1022 haud
1312 988 1451 1021 insolita
1483 989 1601 1021 harum
1644 985 1821 1029 praeposi-

1012 1034 1153 1068 tionum.
1189 1037 1242 1068 vel
1268 1035 1377 1075 forte,
1404 1034 1458 1066 vel
1483 1044 1565 1066 sono
1599 1031 1700 1064 simili
1725 1041 1822 1087 gau-

1013 1080 1144 1121 dentes,
1169 1080 1301 1114 librarii
1316 1079 1502 1134 scripsisse
1524 1078 1688 1113 videntur
1712 1073 1823 1111 ἆπο-
1854 1097 1856 1099 ·

1011 1128 1144 1167 λείπει,
1170 1133 1207 1159 ut
1232 1124 1473 1160 ἀπόλλυται.
1500 1144 1541 1149 -
1578 1124 1822 1168 χείματος,
1853 1147 1856 1161 ÷

1010 1171 1212 1215 θέρευς,
1237 1173 1359 1212 hieme,
1377 1177 1524 1205 aestate.
1552 1170 1680 1204 Matth.
1696 1169 1728 1211 §-
1739 1168 1822 1204 378.
1854 1182 1856 1186 ’

1014 1217 1068 1249 Εε
1103 1215 1360 1260 ἐπετήσιος
1383 1215 1423 1251 δε
1447 1215 1466 1252 ὁ
1502 1215 1579 1259 [και
1611 1212 1736 1258 αὐτὸς]
1760 1211 1822 1248 ἐπ·
1851 1232 1856 1261 7‘

1011 1263 1180 1320 ηετανὸς,
1213 1276 1245 1297 κ.
1279 1263 1473 1318 διηνεκὴς,
1507 1275 1540 1296 κ.
1575 1259 1735 1316 ἐξαρκῶν
1767 1260 1822 1300 εἰς
1850 1266 1853 1294 3

1013 1306 1100 1342 ὅλον
1125 1308 1223 1349 ἔτος,
1236 1309 1338 1364 καὶ,
1374 1306 1424 1349 ὥς
1454 1304 1474 1343 ὁ
1507 1321 1548 1343 π.
1579 1304 1821 1363 ὴρΗμήνευσεν,
1849 1311 1851 1350 j

1013 1350 1062 1394 ὃς
1083 1351 1247 1390 οὔποτ’
1273 1353 1551 1395 ἀπόλλυται,
1577 1349 1684 1388 οὐδ’
1709 1350 1820 1388 oe'no-
1848 1367 1856 1405 ει

1012 1401 1189 1444 λείπει,
1208 1401 1396 1437 τουτέστιν
1418 1396 1515 1435 οὔθ’
1539 1396 1618 1434 υπό
1638 1412 1737 1439 τινος
1748 1399 1819 1433 πά·
1848 1427 1856 1434 η.

1012 1449 1111 1487 θους
1135 1449 1354 1503 φθείρεται,
1379 1445 1468 1482 οὐδὲ
1494 1443 1584 1503 μὴν
1595 1442 1819 1487 δαπανώμε-
1850 1459 1856 1483 ’-,

1010 1505 1076 1532 νος
1095 1491 1296 1535 απολείπει,
1323 1490 1415 1529 ἀλλα
1436 1490 1639 1536 παραμένει
1656 1491 1694 1535 ἐξ
1713 1491 1820 1531 ἔτους
1844 1510 1848 1530 ,·

1011 1540 1065 1579 εἰς
1090 1539 1181 1581 έτος-
1207 1559 1249 1565 -
1255 1539 1406 1621 .31:356-
1411 1541 1463 1586 τῷ
1491 1542 1660 1583 Ζεφυρ.
1691 1538 1846 1573 πνεί-“

1012 1597 1133 1621 ουσα
1158 1586 1317 1630 σημείωσ
1385 1583 1443 1620 ότι
1467 1584 1541 1620 απὸ
1565 1585 1697 1620 κοινοῦ
1719 1584 1820 1628 εἰλη-
1843 1608 1845 1612 >

1013 1644 1061 1690 φε
1086 1632 1128 1667 τὸ
1135 1632 1271 1687 πνοή
1296 1631 1336 1667 ἐκ
1363 1632 1432 1667 τοῦ
1457 1632 1723 1673 πνείουσα,
1756 1629 1844 1671 καὶ,

1012 1677 1109 1713 ε’στιν
1133 1676 1265 1722 ὅμοιον
1289 1679 1349 1735 τῷ
1372 1675 1573 1719 δικάσω,
1597 1678 1744 1712 ἰθεῖα
1768 1674 1843 1711 δὲτ

1012 1724 1147 1760 ἔσται
1181 1725 1241 1768 (ιι.
1265 1723 1329 1768 ψ’,
1354 1725 1436 1765 579,
1460 1724 1560 1767 580),
1592 1719 1616 1767 ἡ
1641 1724 1726 1767 δίκη
1751 1723 1841 1767 δη-ἰ

1010 1771 1117 1827 λαδή.
1164 1771 1274 1805 idem:
1300 1770 1466 1806 πέσσει
1489 1769 1550 1814 (ιι.
1568 1768 1615 1815 β’,
1627 1770 1695 1805 237
1714 1770 1816 1812 σία),

1010 1815 1031 1853 6
1062 1817 1137 1852 ἐστι
1166 1819 1339 1852 πεπαίνει
1376 1830 1410 1851 κ.
1446 1815 1603 1859 πέπειροι
1634 1818 1746 1850 ποιεῖ.
1768 1833 1830 1844 -r

1009 1862 1157 1918 ὄγχνη
1177 1882 1218 1889 —
1236 1876 1316 1922 γηρ
1333 1862 1356 1897 02
1370 1873 1478 1897 σκει.
1512 1860 1815 1896 τουτέστιπέπει-

1008 1923 1055 1954 ρα
1090 1908 1218 1954 ὄγχνη,
1250 1911 1312 1944 καὶ
1335 1908 1451 1944 οἱονεὶ
1479 1921 1616 1952 γραυς,
1647 1906 1837 1964 ᾐωρηται»

1005 1957 1073 1990 τοῦ
1098 1958 1255 2013 δένδρου
1279 1955 1338 1991 ἔπι
1373 1958 1531 1999 νεοφνεῖ
1559 1953 1666 2000 ἑτέρᾳ
1689 1952 1812 2012 ὄγχνῃ..
1834 1969 1835 1988 1

1007 1998 1105 2037 ov'tm
1138 2000 1179 2037 δὲ
1208 2001 1270 2037 καὶ
1293 2003 1447 2045 μῆλον
1470 2000 1548 2036 ἐπὶ
1569 1991 1715 2058 μήλῳ,
1749 2003 1814 2036 καὶ

1004 2048 1085 2083 ε’πὶ
1110 2049 1328 2105 σταφυλῇ
1353 2047 1592 2091 σταφυλή,
1618 2045 1657 2081 ἐν
1674 2035 1732 2088 οἷς
1748 2059 1814 2081 κα-

1003 2094 1069 2129 λὸν
1092 2097 1213 2139 σχῆμα
1236 2093 1278 2131 τὸ
1304 2092 1388 2130 κατ’
1413 2091 1592 2138 ἐπιμονήν
1613 2091 1814 2150 ὁμοιόσχη-

1002 2141 1172 2185 μον.τό
1198 2139 1238 2176 δε
1262 2142 1412 2176 σῦκον
1431 2159 1475 2164 -
1496 2139 1621 2182 σύκῳ
1653 2136 1813 2184 απέχρη-

1004 2187 1043 2222 σε’
1058 2200 1148 2223 ποτε
1166 2188 1217 2234 τῷ
1230 2185 1482 2241 Σταγειρόθεν
1499 2186 1606 2230 σοφῷ
1621 2185 1673 2226 εἰς
1691 2186 1812 2228 σκαῖμ-

1000 2246 1054 2277 μα
1081 2235 1154 2268 τῶν
1178 2225 1401 2290 Ἀθηναίων,
1432 2245 1482 2272 ως
1513 2229 1718 2287 χαιρόντων
1748 2243 1811 2266 συ-

1001 2281 1225 2327 κοφαντείᾳ,
1261 2277 1322 2315 ὅτε
1346 2278 1549 2332 Σωκράτην
1579 2274 1812 2334 ὑπεξήγαγον

1002 2329 1139 2372 κωνείῳ
1164 2328 1233 2362 τοῦ
1255 2328 1352 2381 βίον.
1399 2323 1597 2368 μελετήσας
1617 2323 1690 2375 γὰρ
1713 2336 1826 2373 vno-3

996 2374 1168 2428 χωρῆσαι
1198 2374 1279 2407 τότε
1312 2368 1331 2407 6
1356 2373 1595 2428 Σταγειρίτης
1617 2375 1739 2412 εἰπεν,
1770 2369 1826 2414 ἐξ

996 2415 1163 2473 Ομήρου
1185 2417 1366 2474 τρυγήσας
1400 2416 1467 2461 τήν
1492 2416 1645 2474 ὀπώραν
1676 2417 1742 2462 τῆς
1764 2414 1805 2451 ἐν
1822 2426 1828 2450 -1

1001 2462 1096 2510 λόγῳ
1120 2478 1291 2508 χαριτος,
1324 2477 1374 2504 ως
1406 2463 1474 2499 οὐκ
1499 2477 1546 2498 αν
1570 2465 1680 2516 μείνῃ
1702 2461 1825 2505 uoto&

999 2511 1153 2556 τοιαύτῃ
1184 2511 1307 2553 πόλει,
1355 2508 1394 2544 ἐν
1429 2505 1451 2556 ᾖ
1485 2509 1659 2567 γηράσκει
1692 2509 1822 2544 σῦκον

998 2554 1058 2591 ἐπὶ
1082 2558 1193 2602 σύκῳ,
1216 2571 1317 2594 τουτ.
1338 2547 1435 2593 ὅπου
1460 2554 1506 2591 τὰ
1529 2557 1595 2602 τῆς
1615 2567 1823 2600 cvnotpoev-,r

997 2605 1078 2644 τίας
1102 2605 1271 2648 διηνεκῆ,
1296 2618 1327 2639 κ.
1351 2600 1562 2647 ἄδιάδοχα,
1595 2614 1629 2636 κ.
1657 2602 1711 2647 τῷ
1727 2604 1819 2659 μαι-,ι

997 2651 1073 2694 κρῷ
1096 2653 1165 2685 τοῦ
1183 2652 1321 2696 χρόνου
1338 2647 1730 2692 συμπαρεκτεινόμενα,
1755 2643 1819 2684 οὖςγ

998 2697 1203 2739 δηλωτικὸν
1235 2697 1277 2733 τὸ
1321 2695 1571 2751 γηράσκει,
1604 2693 1816 2738 tammon-

996 2743 1057 2777 καὶ
1083 2742 1141 2777 ἐπὶ
1166 2742 1353 2798 ἀψύχων,
1386 2754 1437 2782 ως
1459 2743 1572 2798 δῆλον
1602 2739 1641 2776 fn
1663 2753 1702 2776 τε
1732 2741 1815 2777 τοῦ,

994 2788 1235 2844 γερανδρύου,
1257 2791 1319 2826 καὶ
1337 2788 1376 2824 ἐκ
1389 2789 1457 2823 τοῦ
1478 2787 1618 2832 γέρον
1640 2797 1812 2828 σαιιος.ἒ

994 2834 1053 2879 (χ’,
1081 2838 1177 2880 184.)
1212 2838 1257 2873 cs.
1277 2836 1404 2870 Aelian.
1432 2835 1472 2868 V.
1495 2835 1538 2868 H.
1562 2835 1597 2877 3,
1622 2832 1679 2869 36.
1711 2833 1801 2868 idem

993 2890 1231 2918 commemorat
1252 2883 1393 2917 similem
1419 2880 1569 2925 Aegypti
1602 2884 1638 2914 et
1661 2880 1810 2914 Atticae

991 2928 1042 2969 (v.
1073 2930 1244 2974 Aristoph.
1271 2931 1372 2965 Pace,
1396 2927 1617 2970 μαρτυρῶν,
1643 2938 1694 2966 ως
1709 2926 1797 2980 διη-

988 2977 1104 3014 νεκεῖς
1131 2974 1207 3011 ἐκεῖ
1228 2975 1268 3011 αὶ
1294 2973 1489 3029 ὀπῶραι.),
1521 2972 1684 3030 Samique
1707 2971 1800 3006 insu-

988 3019 1043 3055 lae
1070 3022 1296 3058 fertilitatem.
1329 3022 1349 3067 (
1354 3016 1515 3061 Ἀέθλιος
1539 3018 1580 3056 δὲ
1604 3018 1625 3055 6
1653 3016 1800 3062 Σάμιος
