1856 3282
193 161 275 201 230
813 162 849 202 Ο
877 161 930 202 Μ
958 161 1007 200 Η
1036 161 1074 201 Ρ
1103 161 1137 202 Ο
1172 163 1210 201 Τ

362 269 611 339 δαιτρεῦσαί
638 284 706 319 τε,
733 269 808 313 καὶ
837 268 1046 324 ὀπτῆσαι,
1074 271 1147 313 καὶ
1177 271 1440 326 οἰνοχοῆσαι,

361 321 433 367 οἶά
461 340 504 368 τε
532 329 623 375 τοῖς
652 323 853 380 ἀγαθοῖσι
881 325 1175 381 παραδρωωσι
1203 327 1376 383 χέρηες..
1375 332 1401 351 “

761 426 903 461 Eumaei
925 427 1005 462 irati
1028 428 1217 473 responsio.

447 491 533 535 T6v
562 493 608 536 δὲ
635 494 729 549 μέγ’
759 493 949 549 ὀχθήσας
975 494 1220 565 προσέφης,
1251 494 1421 551 Εύμαιε
1451 497 1651 551 συβῶτα·

376 546 432 595 ,ὤ
461 565 554 603 μοι,
575 552 710 608 ξεῖνε,
737 551 805 605 τίη
835 566 901 593 τοι
928 550 992 593 ἑνὶ
1021 551 1147 605 φρεσὶ
1175 553 1305 593 τοῦτο
1333 552 1476 620 νόημα

361 603 533 655 ε’πλετο,
564 608 591 660 ἡ
624 605 725 660 σύγε
751 607 894 660 πάγχυ
922 608 1104 649 λιλαίεαι
1135 605 1297 649 αυτόθ’
1329 604 1518 658 ὀλέσθαι,

358 660 397 701 εἰ
425 659 476 714 δή
494 661 764 730 μνηστήρων
793 662 951 713 ἐθέλεις
980 664 1223 706 καταδῦναι
1253 661 1417 732 ὅμιλον,

357 718 446 757 τῶν
472 716 600 772 ὕβρις
628 734 691 772 τε,
721 719 793 773 βίη
821 735 887 770 τε,
918 718 1122 774 σιδήρεον
1152 717 1345 772 οὐρανὸν
1373 720 1467 762 ι’.κει

247 775 329 815 830
358 770 481 815 οὔτοι
512 773 667 816 τοιοίδ’
700 775 807 817 εἰσὶν
838 773 1169 845 υποδρηστῆρες
1195 776 1382 825 ἐκείνων,

358 826 469 870 αλλα
497 828 612 878 νέοι,
641 833 818 884 χλαίνας
846 833 895 873 εὐ
927 831 1112 886 εἱμένοι,
1144 829 1220 885 ἠδὲ
1249 834 1444 900 χιτῶνας,

357 883 440 926 αἰεὶ
469 883 514 925 δὲ
542 886 720 937 λιπαροὶ
737 885 937 955 κεφαλὰς
965 887 1038 930 καὶ
1066 886 1176 930 καλὰ
1205 886 1427 940 πρόσωπα,

358 940 406 981 οἵ
435 948 541 991 σφιν
569 938 878 993 υποδρεόωσιν·
909 941 1098 993 ἐύξεστοι
1131 942 1176 986 δὲ
1205 942 1410 994 τράπεζαι

357 995 501 1044 σίτου,
530 995 605 1037 καὶ
632 1001 811 1048 κρειῶν,
841 995 913 1052 ἠδ’
947 999 1074 1040 οἴνου
1107 1000 1375 1052 βεβρίθασιν.

245 1052 327 1095 335
357 1048 466 1091 αλλὰ
490 1050 612 1102 μέν’·
645 1051 699 1094 οὐ
728 1051 809 1107 γάρ
844 1055 908 1103 τίς
938 1069 1007 1096 τοι
1037 1051 1211 1095 ανιᾶται
1239 1053 1460 1106 παρεόντι,

357 1104 452 1148 οὔτ’
457 1106 587 1176 ἐγώ,
618 1107 718 1150 οὕτε
745 1125 809 1159 τις
839 1108 970 1159 ἄλλος
1000 1108 1202 1162 ἑταίρων,
1234 1110 1280 1151 οἵ
1305 1125 1378 1163 μοι
1408 1109 1540 1152 ἔασιν.

356 1160 496 1214 αὐταρ
527 1162 634 1218 ἐπήν
663 1164 844 1218 ε’λθῃσιν
866 1164 1108 1218 Ὀδυσσῆος
1140 1165 1267 1219 φίλος
1295 1164 1404 1215 υἷὸς.

353 1218 498 1268 κεῖνός
528 1230 574 1261 σε
602 1219 786 1288 χλαῖνάν
814 1235 881 1271 τε,
911 1219 1073 1275 χιτῶνά
1102 1235 1170 1270 τε,
1203 1222 1354 1275 είματα
1384 1219 1508 1272 ἕσσει,

359 1273 516 1330 πέμψει
545 1273 610 1326 δ’,
644 1274 761 1332 ὅππη
790 1287 837 1320 σε
869 1278 1026 1333 κραδίη
1054 1253 1200 1332 θυμὲς
1227 1292 1272 1320 τε
1300 1275 1475 1322 κελεύει.
1486 1279 1511 1300 “

248 493 330 536 325

404 1380 505 1421 grato
529 1377 673 1422 Ulysses
697 1377 806 1413 animo
831 1379 946 1413 felicia
968 1379 1018 1413 illi
1042 1383 1202 1424 precatus
1227 1379 1362 1424 quaerit
1385 1379 1428 1413 de
1453 1378 1659 1424 parentibus.

442 1444 531 1487 Τὸν
564 1443 608 1487 6’
637 1443 824 1501 ἠμείβετ’
857 1446 998 1489 ε’πειτα
1026 1446 1242 1497 πολύτλας
1270 1448 1363 1498 δῖος
1389 1444 1641 1498 Ὀδυσσεύς·

354 1532 380 1553 ,,
373 1499 487 1546 ,αἴθ’
520 1499 682 1552 οὕτως,
716 1502 908 1575 Εύμαιε,
941 1504 1068 1557 φίλος
1097 1505 1176 1546 Διί·
1203 1503 1334 1555 πατρὶ
1364 1502 1522 1558 γένοιο,

357 1554 416 1606 ὠς
446 1557 563 1611 ἐμοὶ,
594 1557 686 1601 ὅττι
714 1557 763 1629 μ’
795 1560 987 1609 ἔπαυσας
1018 1558 1121 1615 ἄλης
1149 1559 1221 1603 καὶ
1251 1558 1395 1612 ὀϊζύος
1425 1561 1563 1615 αἰνῆς.

243 1446 327 1488 340

358 1613 686 1685 πλαγκτοσύνης
716 1613 753 1658 δ’
787 1614 869 1658 οὐκ
900 1615 988 1658 ἔστι
1016 1616 1262 1670 κακώτερον
1291 1616 1397 1658 ἄλλο
1427 1619 1663 1670 βροτοῖσιν,

358 1668 455 1712 ἀλλ’
487 1668 597 1712 ἕνεκ’
629 1670 867 1727 οὐλομένης
896 1672 1082 1727 γαστρὸς
1110 1671 1222 1715 κακὰ
1251 1670 1373 1727 κήδε’
1404 1671 1576 1728 ε’χουσιν

244 1726 327 1769 345
357 1725 527 1779 ἀνέρες,
558 1725 611 1769 ὅν
639 1743 715 1769 κεν
744 1729 885 1783 ι’κηται
914 1728 1017 1796 ἄλη,
1049 1729 1122 1771 καὶ
1151 1732 1293 1783 πῆμα,
1325 1728 1398 1771 καὶ
1427 1727 1569 1796 αλγος
1845 1751 1849 1820 Ι

360 1785 445 1825 νῦν
475 1780 516 1825 δ’
548 1782 638 1826 ἐπεὶ
664 1784 891 1841 ἰσχανάᾳς,
921 1786 1065 1840 μεῖναί
1096 1784 1140 1828 τέ
1169 1800 1220 1840 με
1250 1788 1396 1828 κεῖνον
1429 1782 1617 1841 ἄνωγας,

188 1938 346 1971 καυστα,
370 1927 503 1984 θερμά.
524 1951 569 1957 -
612 1931 907 1975 δαιτρεύσαι.
943 1928 985 1973 ξ’,

187 1973 268 2009 433.
293 1994 332 1999 -
366 1971 582 2019 ὀπτῆσαι.
609 1977 652 2020 ξ’,
676 1977 742 2013 431
764 1982 832 2011 etc.
853 1996 898 2001 --
923 1978 987 2012 οἰ-

187 2023 427 2100 ἴὲὃχοῆσαι.
466 2013 520 2064 6',
543 2024 624 2059 233.
654 2042 700 2049 —
743 2021 913 2067 χέρηες·
946 2019 987 2067 ξ’.

232 2134 349 2170 325-
362 2136 442 2170 333.
485 2133 704 2180 ὀχθήσας.
730 2135 774 2178 δ’,
795 2139 840 2173 30
861 2141 926 2171 etc.
944 2154 988 2162 —

187 2178 507 2235 προσέφης,Ε.
526 2183 621 2225 συβ.
647 2181 743 2225 ν.’,ξ
763 2162 821 2218 55.
831 2200 874 2207 -
897 2182 985 2226 τίη.

188 2224 246 2268 π’,
270 2226 361 2268 421,
394 2227 437 2261 ΙΙ.
469 2227 615 2268 α’,365
639 2234 706 2261 etc.
735 2245 777 2252 —·
825 2240 986 2262 των-

189 2271 298 2306 ἵκει.
331 2252 496 2315 si'militer‚
520 2279 661 2307 notante
680 2273 735 2313 E„
758 2273 799 2307 11.
821 2271 863 2316 ρ’,
884 2272 985 2308 424.-

189 2316 373 2369 σιδήρειος
392 2315 431 2353 δ’
454 2317 665 2362 ὀρυμαγδὸς
687 2316 849 2354 Χάλκεον
874 2319 987 2373 ου’ρα-

187 2363 258 2399 νόν
283 2369 336 2399 ἱκε
361 2362 417 2398 δι’
441 2365 593 2408 αἰθέρος
615 2363 840 2408 ἀτρυγέτοιο.
877 2367 922 2399 cf.
944 2363 987 2408 γ’,

188 2411 211 2444 2
234 2414 300 2444 etc.
346 2410 494 2444 recurrit
525 2411 579 2445 hic
613 2422 731 2444 versus
805 2413 917 2452 ‚.565
943 2429 987 2434 —

188 2455 243 2489 Ε.
268 2455 310 2491 τὸ
333 2453 373 2490 δε
399 2452 448 2489 εὖ
473 2455 511 2491 εἰ
520 2455 741 2500 μένοι(τ’,
762 2459 853 2500 327,
876 2457 914 2491 11.
940 2454 986 2499 δ’,

188 2502 257 2536 432
266 2501 378 2546 etc.‚)
413 2497 436 2536 δ’
459 2469 555 2537 ἐστιν
579 2501 833 2558 ἐνδεδυμένοι,
858 2503 899 2538 τὸ
925 2500 986 2537 εύ-

190 2550 348 2590 ειμονεῖν
368 2546 535 2591 παράγει.
573 2549 761 2604 λιπαροὶ
789 2546 828 2583 δε
851 2561 986 2593 κεφα-

189 2591 270 2633 λοὶς
295 2592 330 2628 οὶ
347 2594 569 2637 τρυφῶντες,
594 2592 615 2629 δ’
636 2593 708 2630 ἐστι
725 2596 896 2635 λιπῶντες
916 2595 988 2638 (ηἰ-

189 2639 276 2680 titii,
306 2640 530 2694 unguentati)
564 2645 631 2673 etc.
666 2660 702 2665 -
761 2638 987 2696 ἐύξεστοι.

190 2687 262 2718 Am.
284 2684 326 2724 Q.
345 2697 353 2717 ε
377 2683 459 2720 ἀντὶ
477 2686 545 2720 τοῦ
562 2687 680 2726 καλῶς
698 2685 883 2729 ἐξεσμέναι
906 2684 989 2732 ἤτοι

190 2729 432 2774 εἰργασμέναι.
476 2732 519 2764 cf.
546 2730 592 2774 α’,
618 2733 685 2767 138
710 2736 775 2766 etc.

235 2798 314 2833 334.
360 2808 479 2831 versus
510 2809 551 2832 ex
584 2798 684 2832 meris
717 2800 877 2844 spondeis
908 2811 988 2834 con-

191 2849 308 2883 stans,
332 2847 372 2876 ut
396 2843 446 2887 φ’,
472 2845 525 2878 15.
539 2868 550 2884 ,
574 2844 637 2878 nisi
661 2846 750 2879 forte
775 2846 987 2880 scribendum

191 2889 238 2922 sit.
262 2887 402 2924 οἰνόθι.
450 2890 988 2932 v.aun.adg',241.8ch01.

192 2933 319 2968 codicis
339 2935 392 2968 Α.
400 2936 431 2969 1.
456 2935 678 2981 δισυλλάβως
701 2937 750 2979 (h.
769 2949 799 2970 e.
824 2936 910 2981 pede
934 2937 988 2972 δι-

1031 1928 1216 1987 συλλᾰβῳ,
1240 1929 1411 1976 spondeo)
1441 1930 1639 1977 μετρητέον
1661 1933 1724 1970 και
1746 1936 1821 1971 τοῦ·

1031 1990 1097 2012 τον
1121 1976 1186 2012 τὸν
1210 1988 1344 2021 στιχον.

1077 2024 1157 2058 335.
1205 2025 1271 2062 τίς
1305 2035 1403 2064 τοι,
1437 2025 1491 2064 τίς
1514 2034 1583 2059 σοι.
1615 2043 1660 2050 -
1703 2022 1820 2061 οἶνιᾶ

1032 2082 1131 2111 ται,
1157 2066 1313 2112 οἷνιάζει,
1338 2069 1454 2103 taedio
1478 2081 1518 2102 ac
1542 2071 1696 2105 molestia
1719 2074 1815 2127 affici

1032 2120 1100 2148 tur.
1137 2117 1235 2171 Ap.-
1270 2114 1403 2156 άνίαζε.
1447 2112 1601 2170 ἠνιᾶτο·
1636 2114 1730 2152 ἀλλ’
1755 2117 1821 2153 ὄτ-

1035 2159 1089 2203 δη
1113 2158 1146 2202 ῥ’
1175 2157 1338 2202 οἷνίαζε
1363 2159 1449 2204 (sic)
1474 2161 1623 2204 γέρων
1647 2161 1709 2205 (δ’,
1731 2146 1832 2218 460):

1078 2207 1158 2241 339.
1205 2204 1247 2249 ξ’,
1269 2208 1347 2242 519.
1388 2206 1430 2239 cf
1455 2205 1587 2250 π’,,81
1611 2190 1833 2260 92342111

1031 2248 1075 2292 ν’,
1099 2244 1196 2331 '224-

1209 2296 1288 2332 349.
1335 2294 1456 2353 ἄλης·
1488 2296 1566 2340 345,
1589 2296 1633 2340 κ’,
1655 2298 1734 2335 464.
1775 2264 1856 2352 E}

1033 2340 1108 2377 απὸ
1134 2341 1174 2377 δε
1197 2343 1260 2387 τῆς
1289 2338 1398 2387 ἄλης
1429 2341 1484 2378 ὅτι
1515 2344 1576 2378 καὶ
1608 2343 1627 2380 ὁ
1656 2344 1833 2390 divitus

1033 2401 1065 2422 κ.
1092 2385 1110 2422 ὁ
1141 2386 1340 2430 αλαζων,
1375 2390 1505 2432 δῆλον·
1540 2394 1658 2426 κεῖται
1687 2392 1757 2436 γὰρ
1791 2377 1833 2436 62!

1034 2434 1215 2491 ῥητορικῷ
1239 2435 1382 2479 λεξικῷ,
1410 2433 1467 2470 ότι
1492 2433 1674 2478 ἀλαζών
1695 2439 1833 2486 κυρίως

1033 2478 1055 2514 o‘
1080 2478 1152 2515 οὶπὸ
1177 2480 1265 2524 ἀλης
1287 2480 1370 2523 ζῶν,
1395 2494 1427 2514 κ.
1452 2478 1622 2526 α’γύρτης,
1644 2481 1766 2527 ἁπλῶς
1788 2475 1833 2520 δὲ

1033 2523 1053 2561 ὁ
1082 2526 1206 2568 φέναξ.
1238 2546 1284 2552 —-
1326 2525 1509 2568 ὀϊζύος,
1543 2540 1739 2564 aerumnae.
1784 2529 1840 2575 7⁹:³⁴

1033 2574 1099 2607 103
1122 2579 1188 2605 etc.
1208 2591 1252 2596 -—
1275 2572 1651 2626 πλαγκτοσύνης,
1674 2570 1834 2621 πλάνης-,ἶ

1033 2628 1054 2650 a
1077 2616 1258 2674 πλαγκτός
1291 2618 1370 2662 (φ’,
1394 2621 1483 2660 363,
1515 2619 1573 2663 μ’,
1596 2623 1637 2655 61
1661 2623 1756 2664 etc.).
1782 2642 1824 2648 —

1035 2661 1317 2718 οὐλομένης,
1339 2665 1508 2708 perditae,
1532 2666 1753 2701 detestabilis.
1783 2665 1824 2711 6'‚

1033 2709 1100 2749 92,
1128 2710 1165 2743 ll.
1190 2707 1236 2751 α’,
1260 2711 1368 2744 2etc,
1388 2729 1431 2734 —
1472 2711 1523 2744 Ε·
1558 2709 1704 2748 σ’νκεν
1731 2714 1824 2759 ἵκη-

1033 2767 1125 2797 ται,
1158 2752 1237 2789 οΞντὶ
1263 2755 1331 2789 τοῦ
1355 2757 1406 2796 εἰς
1430 2753 1474 2790 ὃν
1501 2755 1545 2792 ἂν
1567 2759 1833 2815 παραγένηται.4

1034 2799 1121 2842 ἄλη
1146 2820 1190 2825 -
1215 2798 1374 2844 ἄλγος,
1397 2801 1445 2836 τοὶ
1468 2802 1581 2839 οἱονεὶ
1600 2803 1771 2850 σύστοιχα
1793 2820 1825 2839 κ.

1033 2847 1086 2900 τῇ
1109 2844 1177 2891 ἄλῃ
1212 2847 1457 2901 παρεπόμενα.
1500 2868 1545 2873 —-
1597 2851 1825 2904 ἰσχανάᾳς

1034 2888 1099 2935 (η’,
1122 2895 1207 2934 161,
1232 2894 1271 2928 11.
1293 2890 1342 2936 μ’,
1363 2894 1408 2928 38
1429 2894 1534 2939 etc.‚)
1558 2897 1682 2929 retines
1699 2908 1762 2932 me.
1783 2905 1834 2937 —4

1033 2940 1197 2980 μεῖναί
1219 2951 1266 2974 τε
1289 2940 1474 2981 κεῖνον,
1504 2944 1538 2974 ct
1560 2952 1698 2976 manere
1720 2943 1826 2977 illum.
