1856 3282
133 131 216 172 112

300 234 442 291 Ζηνός
469 250 557 280 που
585 253 681 307 τοιη
673 235 786 294 ’γδε

233 395 380 440 benigne
402 395 589 440 alloquitur
612 397 688 430 illos
712 396 910 438 Menelaus,
935 400 970 430 et
994 406 1077 429 casu
1102 394 1135 428 in
1161 395 1298 440 Ulyssis
1322 396 1526 430 mentionem
1551 395 1687 431 incidit.

354 467 447 506 Τοῦ
478 462 520 506 δ’
553 462 849 519 ἀγορεύοντος
880 462 1030 515 ξύνετο
1062 461 1223 513 ξανθὸς
1253 463 1492 516 Μενέλαος,

297 522 372 563 καί
403 531 540 571 σφεας
569 521 780 578 φωνήσας
811 521 911 562 ἔπεα
941 519 1178 572 πτερόεντα
1207 518 1463 588 προσηύδα·

352 577 531 628 ,,Τε’κνα
562 576 668 632 φίλ’,
701 579 798 632 ἠτοι
829 576 938 631 Ζηνὶ
968 579 1160 643 βροτῶν
1176 574 1266 645 ov'n'
1290 574 1345 617 ἄν
1374 593 1439 627 τις
1470 576 1621 632 ἐρίζοι·

301 631 518 676 ἀθάνατοι
545 634 627 687 γὰρ
660 637 790 688 τοῦγε
821 633 950 687 δόμοι
980 633 1052 675 καὶ
1082 630 1266 702 κτήματ’
1297 631 1438 674 ἔασιν

214 694 268 736 80
299 688 477 741 ἀνδρῶν
509 689 551 732 δ’
584 689 612 751 ἥ
643 689 717 733 κέν
746 692 808 740 τίς
838 707 912 743 μοι
943 689 1177 743 ἐρίσσεται,

565 751 612 817 ὴ
644 747 725 801 γάρ
756 746 896 789 πολλα
927 746 1086 789 παθών
1115 746 1189 789 καὶ
1217 742 1348 788 πόλλ’
1379 745 1613 801 ἐπαληθεὶς

302 801 529 860 ηγαγόμην
559 801 605 846 ἐν
635 803 787 860 νηυσὶ,
818 804 892 847 καὶ
923 802 1121 862 ὀγδοάτῳ
1154 803 1236 847 ἔτει
1265 796 1430 858 ἦλθον·

298 746 526 800 κτήμασιν.

132 974 212 997 ann.
245 962 288 996 ad
321 963 412 996 Plin.
444 963 466 995 l.
499 974 528 996 c.
544 975 552 996 :
587 964 785 1006 „Gallis‚“
818 964 942 1009 inquit,

132 1010 208 1050 „de
225 1009 287 1042 l'or
306 1010 386 1049 bas,
411 1009 509 1052 quasi
535 1021 651 1042 aurum
676 1011 858 1044 deterioris
883 1023 943 1044 no-

132 1060 189 1089 tae
216 1060 357 1108 propter
382 1055 565 1089 admixtam
596 1057 732 1099 argenti
755 1058 787 1091 5.
813 1057 943 1101 portio-

133 1113 221 1134 nem.
246 1121 290 1125 —
317 1100 395 1134 hinc
418 1102 541 1134 nummi
566 1102 705 1135 electrei
723 1115 776 1146 ap.
791 1102 944 1145 Lampri-

133 1147 224 1180 dium
241 1146 433 1180 Alexandro
450 1148 593 1188 Severo,
620 1160 697 1192 pag.
715 1150 789 1182 122.
816 1150 944 1189 (Alex-

132 1193 239 1227 andri
270 1194 391 1226 habitu
427 1204 582 1225 nummos
610 1195 776 1236 plurimos
801 1196 945 1238 figura-

131 1240 206 1279 vit3
232 1243 265 1271 et
293 1239 430 1283 quidem
461 1240 623 1272 electreos
648 1241 862 1282 aliquantos,
886 1241 946 1273 sed

129 1285 297 1329 plurimos
314 1287 431 1318 tamen
451 1285 612 1327 aureos.)
637 1290 671 1318 et
696 1286 861 1319 electrina
884 1297 945 1329 pa-

133 1336 210 1365 tera
235 1343 289 1375 ap.
315 1330 399 1364 Poll.
423 1330 635 1364 Trebellium
663 1331 792 1371 Quieto
814 1343 848 1375 p.
869 1333 945 1366 192.

132 1395 179 1402 --
202 1377 309 1410 fuisse
334 1376 525 1418 hujusmodi
550 1387 688 1418 aurum,
715 1377 803 1422 quod
829 1377 943 1412 edicto

129 1422 300 1456 Ludovici
325 1422 426 1461 X11.‚
460 1422 650 1455 Galliarum
678 1424 789 1467 regis,
819 1424 862 1457 ab
887 1435 945 1456 ar—

132 1468 286 1502 tificibus
311 1468 346 1500 in
375 1468 486 1511 signa,
510 1480 606 1508 vasa,
631 1475 813 1514 ceteraque
838 1481 945 1514 opera

132 1514 291 1548 adhiberi
327 1520 443 1557 posset
471 1514 608 1559 impune
635 1525 676 1548 ac
696 1515 773 1548 ¹sine
806 1515 942 1557 fraude,

131 1560 255 1594 scribit
278 1560 428 1592 Savotus
453 1560 512 1594 lib.
537 1561 580 1592 de
606 1561 765 1601 nummis,
790 1568 890 1604 parte
909 1563 941 1595 2.

131 1618 208 1651 cap.
233 1608 280 1641 9.‘
270 1608 294 1624 “
327 1605 433 1660 Sopb.
461 1605 576 1649 Antig.
602 1607 701 1640 955..
695 1617 702 1624 ·
726 1604 930 1648 κερδαίνῊτ
933 1633 942 1649 ,

130 1651 312 1695 ἐμπολᾶτε
333 1649 397 1684 τὸν
421 1651 514 1692 πρὸς
538 1651 738 1694 Σάρδεων’
738 1651 942 1695 Ἡλεκτρον.

131 1698 176 1732 de
219 1697 351 1731 divitiis
387 1698 581 1731 Atridarum
613 1698 787 1732 Hesiodus
819 1700 941 1744 fragm.

131 1744 188 1780 48.
212 1744 264 1778 ed.
289 1742 490 1777 Gaisforda
516 1741 630 1787 ἀλκὴν
655 1745 722 1787 μὲν
754 1745 824 1789 γάρ
854 1745 944 1779 ἔδω-

131 1804 193 1826 κεν
215 1788 415 1832 Ὀλύμπιος
445 1790 676 1832 Αἰακίδαισι,
704 1792 812 1826 Νοῦν
835 1791 876 1827 δ’
896 1789 944 1826 'A-

132 1838 407 1882 μυθαονίδαις,
438 1837 661 1871 πλοῦτον
692 1837 740 1872 δέ
769 1851 853 1882 περ
883 1836 944 1872 ’A-

132 1884 408 1928 τρείδῃσιν,
434 1891 556 1927 estque
581 1883 716 1917 omnino
740 1895 861 1928 magna
887 1896 943 1928 ap.

132 1930 315 1964 Homerum
351 1929 451 1973 copia
491 1929 698 1962 metallorum
735 1930 946 1974 pretiosissi-

133 1987 280 2016 morum,
306 1978 342 2008 ut
366 1975 468 2008 docet
492 1975 682 2008 Heerenius
709 1976 883 2017 Ideen,3,
913 1979 944 2010 1.

136 2028 222 2056 sect.
248 2020 293 2064 4.,
324 2032 357 2065 p
379 2022 445 2055 135
470 2032 564 2065 sequ.
613 2022 659 2055 cf.
686 2023 779 2056 Hase
807 2023 944 2056 Griech.

137 2068 288 2102 Auen-th.
319 2070 349 2101 1.
376 2078 408 2111 p.
434 2068 479 2106 9.,
505 2069 561 2102 57.
596 2087 636 2091 —
673 2066 794 2113 αὐλή
822 2080 841 2102 a
866 2080 946 2114 par-

135 2119 172 2148 te
208 2112 393 2167 praecipua
426 2118 502 2145 tota
536 2114 652 2146 domus
684 2114 795 2148 dicta»
801 2119 863 2148 est.
900 2133 946 2139 —-

135 2159 335 2200 ἄσπετα,
361 2156 521 2213 ᾅρρητα,
546 2160 815 2200 inenarrabilia,
843 2160 946 2194 mira-

134 2205 232 2241 bilia.
253 2224 299 2230 —-
324 2184 465 2250 σέβας
489 2224 533 2229 ——
558 2206 700 2250 εἰσορ.
734 2205 777 2251 γ’,
803 2209 879 2247 123,
905 2205 946 2249 ζ’,

136 2254 201 2288 161
225 2256 292 2286 etc.

179 2297 347 2332 78—85.
394 2295 536 2331 τέκνα
560 2298 685 2340 φίλα.
722 2298 787 2332 hoc
812 2297 945 2331 nomine

134 2344 288 2377 seniores
310 2343 486 2387 appellant
509 2343 756 2376 adolescentes.
790 2356 825 2377 v.
842 2344 880 2377 Il.
900 2357 920 2378 κ
935 2369 945 2385 ,

136 2391 217 2431 192,
251 2387 303 2430 ω’,
334 2390 413 2423 373.
452 2408 494 2413 -
529 2388 775 2430 ἐρίσσεται
811 2396 847 2423 et
879 2391 944 2423 sut.

134 2435 282 2479 intelligi
303 2440 429 2479 potest,
450 2438 485 2468 et
504 2436 751 2479 conjunctivus·
777 2435 944 2470 v.Matth.

134 2483 259 2524 §.516-
284 2500 329 2505 -—
352 2479 500 2516 πολλοὶ
525 2481 694 2516 παθῶν
716 2495 748 2517 κ.
771 2493 810 2517 π.
835 2480 943 2516 ἐπα-

135 2527 316 2569 ληθείς.
354 2525 397 2568 ο’,
426 2527 503 2562 176.
548 2527 676 2565 ibidem
709 2529 811 2562 4oo.=
851 2527 942 2569 μετὰ

135 2573 207 2617 γάρ
231 2586 267 2608 τε
283 2572 344 2608 καὶ
359 2570 479 2615 ἄλγεσι
497 2571 666 2615 τέρπεται
685 2570 800 2617 ἆνήρ,
815 2570 943 2614 ΓὈστιςς

137 2618 182 2664 δὴ
211 2620 311 2663 μάλα
339 2617 458 2654 πολλοὶ
484 2619 592 2664 πάθῃ
621 2633 652 2652 κ.
674 2618 778 2654 πόλλ’
806 2619 942 2664 ἐπαλη-

136 2667 204 2710 θῇ.
239 2666 320 2699 Sch.
343 2666 386 2699 ad
409 2667 485 2700 83.ε
512 2665 779 2708 ἓπαληθεῖς.
804 2669 943 2710 πλανη-

136 2712 231 2750 θείς.
257 2711 292 2746 οὶ
319 2711 358 2746 δὲ
384 2709 479 2755 (ἐπ’
506 2710 723 2768 ἀληθεῖς,
735 2714 751 2756 )
777 2711 836 2747 ἐπὶ
860 2725 946 2752 τους

139 2755 293 2800 ἀληθεῖς
324 2759 563 2800 Αἰγυπτί,ους
595 2756 652 2792 ὅτι
679 2760 856 2802 μαντικῆς
886 2758 947 2802 ἒμ-

137 2815 272 2846 πειροι.
296 2809 332 2837 at
356 2815 414 2837 eos
439 2805 537 2839 Hom.
563 2816 725 2848 nusquam
750 2804 833 2838 dicit
857 2802 947 2849 ἄλη-

139 2851 244 2889 θεῖς,
268 2849 328 2882 sed
353 2861 454 2883 veros
478 2857 513 2885 et
536 2851 701 2884 sinceros.
737 2850 846 2884 futilis
870 2862 947 2884 cor-

141 2894 248 2928 rectio
289 2895 435 2950 repetito
477 2899 583 2930 verbo
630 2894 732 2931 ἔπαλ.
747 2908 947 2953 perperam

141 2940 275 2975 offensi.
311 2959 355 2964 —
387 2939 653 2996 ἠγαγόμην
690 2941 868 2986 κτήματα.
904 2961 948 2968 —-

145 2984 361 3030 Κύπρον.
401 2986 454 3030 θ,
475 2989 565 3029 362,
602 2989 642 3024 ll.
666 2987 708 3033 λ’,
733 2991 774 3025 21
802 2994 868 3024 etc.
904 3007 948 3016 -—-

778 128 1178 170 ΟΜΗΡΟΥ

793 235 1069 289 ’Ὀλυμπίου
1101 237 1283 281 ἔνδοθεν
1314 236 1467 307 αὐλή,

217 296 272 339 75
303 293 416 337 ὅσσα
445 292 545 337 τάδ’
580 293 742 337 α’σπετα
758 254 943 337 πολλά]
972 294 1102 349 σέβας
1127 293 1175 349 μ’
1207 294 1288 350 ἔχει
1317 292 1621 350 εἰσορόωνταῦ

1205 687 1254 744 ἠὲ
1284 688 1357 731 καὶ
1389 686 1503 740 οὐκὶ,

990 965 1017 996 Α
1027 963 1070 1007 ἰγ
1080 975 1102 997 υ
1113 976 1139 997 π
1149 976 1168 997 τ
1178 962 1192 997 ί
1203 975 1222 998 ο
1234 976 1256 998 υ
1267 975 1285 1004 ς
1306 959 1554 1008 τρισυλλάβως
1573 959 1798 1016 pronuntiari·
1820 998 1821 1002 Ἰ
1844 978 1847 986 ν

990 1010 1066 1043 dum
1099 1015 1172 1049 est,
1209 1015 1247 1042 ut
1278 1010 1480 1060 Αἰγυπτίας
1512 1005 1612 1049 11.ι’,
1636 1009 1716 1042 382.
1751 1006 1797 1040 cf.
1847 1012 1853 1040 .'

989 1055 1133 1088 inferius
1160 1057 1236 1090 127.
1271 1061 1305 1089 et
1330 1055 1368 1088 ll.
1396 1051 1441 1100 β’,
1464 1055 1544 1090 537.
1578 1072 1625 1078 -
1663 1053 1706 1086 de
1731 1054 1848 1085 Ae-‘

988 1103 1161 1143 thiopibus
1185 1114 1217 1134 v.
1244 1101 1283 1134 Il.
1308 1099 1355 1141 α’,
1379 1102 1482 1142 423.,
1845 1129 1849 1142 ,

993 1147 1216 1180 Phoenicibus
1236 1158 1312 1180 ann.
1333 1146 1375 1179 ad
1394 1147 1434 1179 Il.
1453 1126 1492 1189 33,
1510 1148 1591 1181 290.
1613 1144 1803 1188 Aethiopes
1847 1166 1854 1191 Ι»

991 1192 1125 1236 quidem
1150 1192 1249 1225 simul
1273 1192 1447 1225 nominare
1471 1192 1609 1225 videtur
1641 1196 1802 1234 tanquam

991 1238 1123 1271 vicinos
1147 1238 1417 1281 Aegyptiorum,
1443 1249 1510 1272 non
1536 1248 1602 1282 quo
1628 1243 1665 1270 et
1688 1237 1732 1270 ad
1755 1235 1804 1268 il-
1830 1238 1836 1250 ¹·

991 1284 1042 1317 los
1068 1284 1288 1328 pervenerit,
1326 1283 1455 1327 quippe
1479 1284 1568 1316 ultra
1591 1282 1708 1316 littora
1732 1292 1806 1315 ma·
1838 1324 1839 1329 1

991 1330 1040 1363 ris
1065 1328 1306 1362 mediterranei
1337 1329 1397 1361 vix
1432 1339 1647 1383 progressus.
1695 1339 1803 1372 quan·
1832 1351 1843 1374 ,Ι

991 1386 1090 1432 quam
1117 1375 1167 1408 E:
1195 1376 1307 1415 δῆλον
1325 1374 1385 1416 δε,
1409 1374 1538 1429 inquit,
1564 1371 1620 1409 ὅτι
1642 1373 1694 1414 εἰς
1713 1373 1804 1413 τους
1840 1402 1844 1420 ¹.

990 1423 1141 1461 νοτίους
1171 1422 1358 1460 Αἰθίοπας
1384 1419 1506 1455 ἐλθών
1532 1419 1552 1455 ὁ
1580 1422 1674 1454 Μεν.
1685 1445 1697 1461 ‚
1731 1420 1804 1463 εἴγε
1832 1451 1843 1467 ,Ἰ

990 1468 1052 1503 καὶ
1070 1469 1122 1507 εἰς
1140 1466 1228 1506 τούς
1251 1466 1451 1511 Ερεμβους
1472 1463 1562 1510 ἦλθε
1586 1465 1713 1510 (μέρος
1732 1466 1804 1510 γὰρ

990 1514 1139 1549 ἐκείνων
1165 1514 1201 1547 οἱ
1222 1513 1436 1568 Ἐρεμβοί),
1471 1513 1594 1568 πολλῷ
1623 1511 1805 1568 πρότερον
1832 1550 1835 1561 ‹

990 1561 1042 1599 sig
1062 1557 1150 1599 τούς
1164 1556 1317 1599 λοιπούς
1338 1561 1520 1598 Αἰθιοπας
1542 1557 1706 1602 ἄφίκετο,
1737 1571 1805 1599 ους
1833 1563 1834 1568 ’

990 1604 1151 1649 ὁμόρους
1177 1606 1392 1649 Αἰγυπτίοις
1406 1602 1610 1649 Ηρόδοτος
1635 1605 1803 1647 (videtur
1851 1624 1853 1628 ν

990 1653 1107 1686 dicere
1124 1652 1251 1685 Herod.
1265 1654 1302 1692 2,
1313 1652 1392 1694 29.)
1418 1651 1566 1694 ἱστορεῖ
1594 1651 1654 1683 sed
1673 1651 1803 1684 Strabo
1832 1690 1835 1699 ¹

993 1702 1023 1739 1,
1050 1700 1106 1737 2.
1140 1710 1173 1755 p.
1197 1700 1254 1733 59.
1281 1698 1333 1733 ed.
1359 1698 1540 1731 Tauclin-:
1571 1697 1719 1741 ζητοῦσι
1748 1694 1834 1738 δε,’

990 1743 1085 1798 πρὸς
1114 1746 1218 1784 τίνας
1247 1742 1361 1787 ἦλθεν
1390 1744 1598 1784 Αἰθίοπας,
1620 1742 1738 1778 πλέων
1765 1741 1803 1784 ἐξ

991 1789 1198 1845 Αἰγύπτου·
1231 1788 1317 1825 οὔτε
1343 1789 1412 1835 γάρ
1441 1788 1480 1824 ἐν
1506 1803 1548 1834 τῃ
1581 1787 1674 1824 καθ’
1705 1787 1804 1832 ἡμᾶς

990 1834 1160 1882 θαλάττῃ
1187 1836 1332 1871 οἰκοῦσί
1362 1848 1457 1876 τινες
1487 1836 1689 1885 Αἰθίοπες,
1716 1833 1801 1870 οὔτε

990 1884 1058 1918 τοῦ
1084 1885 1223 1919 Νείλου
1254 1895 1344 1922 τους
1366 1880 1625 1938 καταρράκτας
1644 1885 1689 1927 ἠν
1711 1883 1804 1917 διελ·
1831 1892 1835 1914 ε

990 1933 1076 1965 θεῖν
1103 1931 1229 1964 ναυσί
1254 1931 1350 1968 τίνες
1378 1941 1416 1964 τε
1447 1928 1483 1963 οἱ
1509 1925 1698 1974 Ἐρεμβοί·
1722 1941 1804 1963 και-

992 1975 1059 2010 vdie
1101 1974 1171 2031 γάρ
1211 1975 1252 2010 τὸ
1268 1973 1423 2032 ὄνομα.
1469 1971 1707 2019 Ἀριστόνικος
1735 1972 1834 2018 μὲν

994 2035 1075 2063 ουν,
1106 2019 1124 2058 5
1145 2020 1236 2057 καθ’
1260 2019 1356 2066 ἡμᾶς
1375 2020 1641 2075 γραμματικὸς,
1666 2020 1704 2056 ἐν
1724 2023 1804 2060 τοῖς
1832 2021 1834 2029 ’

992 2069 1073 2112 περὶ
1091 2069 1156 2112 τῆς
1177 2067 1371 2104 Μενελάου
1391 2066 1531 2109 πλάνης
1551 2068 1694 2103 πολλῶν
1715 2065 1806 2102 ἀνα-

992 2115 1170 2159 γέγραφεν
1199 2114 1349 2158 ἀνδρῶν
1379 2110 1587 2157 αποφάσεις
1615 2114 1699 2157 περι
1722 2111 1803 2148 ἑκά·
1830 2123 1833 2126 ⁴

995 2173 1082 2197 στου
1111 2163 1185 2195 τῶν
1212 2160 1428 2203 ἐκκειμένων
1459 2162 1688 2203 κεφαλαίων
1716 2158 1804 2204 ἡμῖν

994 2205 1031 2242 δ’
1058 2207 1199 2249 ἀρκέσει
1216 2204 1286 2242 mliv
1304 2206 1554 2261 ἐπιτέμνοντες
1573 2205 1630 2250 λέγ
1634 2218 1740 2250 ωμεν.
1767 2205 1804 2241 οὶ

991 2252 1058 2298 μὲν
1076 2253 1121 2299 δη
1140 2255 1294 2289 πλεῦσαι
1311 2250 1496 2298 φήσαντες
1517 2254 1569 2293 εἰς
1589 2252 1658 2297 τήν
1673 2254 1803 2287 Αἰθιο-
1830 2291 1833 2294 ,

991 2301 1103 2343 πίαν,
1130 2299 1165 2335 οἱ
1184 2299 1250 2344 μὲν
1269 2301 1469 2356 περίπλουν
1490 2296 1555 2334 τὸν
1584 2298 1647 2334 διοὶ
1669 2299 1798 2334 Γαδεί-
1831 2328 1834 2348 ζ

991 2359 1066 2390 ρων
1085 2346 1187 2390 μέχρι
1207 2348 1272 2402 τῆς
1293 2344 1444 2390 Ἰνδικῆς
1471 2344 1700 2388 εἰσάγουσιν,
1724 2343 1802 2388 ἅμα
1830 2353 1834 2390 j

990 2393 1052 2428 καὶ
1078 2392 1143 2427 τὸν
1167 2391 1301 2437 χρόνον
1331 2393 1377 2436 τῇ
1401 2389 1520 2447 πλανῃ
1552 2393 1802 2427 συνοικειοῦν·-
1830 2425 1833 2432 ,

989 2452 1068 2480 τες,
1102 2436 1146 2474 ὅν
1176 2451 1309 2484 φησιν,
1347 2438 1404 2473 ὅτι
1445 2435 1666 2484 ὀγδοάτῳ
1706 2436 1796 2474 ἔτει

989 2481 1231 2541 ἦλθον·οὶ
1270 2484 1309 2519 δὲ
1348 2483 1412 2519 διὰ
1442 2485 1510 2519 τοῦ
1538 2473 1701 2528 ἰσθμόῦ,
1731 2497 1798 2519 του

989 2530 1083 2566 κατὰ
1111 2528 1176 2567 τὸν
1201 2529 1372 2585 Ἀράβιον
1395 2529 1631 2566 κόλπον·οἱ
1661 2529 1701 2566 δὲ
1733 2528 1798 2566 διοὶ

989 2578 1064 2612 τῶν
1085 2577 1274 2623 διωρύγων
1293 2575 1404 2617 τινός.
1452 2577 1570 2610 horum
1588 2576 1669 2611 nihil
1689 2577 1802 2631 placet
1830 2577 1832 2579 ’

989 2626 1209 2678 geographo:
1244 2635 1318 2657 nam
1343 2624 1546 2667 περίπλουν
1569 2623 1670 2656 istum
1694 2623 1800 2656 inuti-

989 2671 1070 2704 liter
1094 2670 1178 2703 sumi
1203 2669 1306 2710 dicit,
1343 2681 1405 2703 nec
1436 2669 1489 2702 vel
1523 2669 1681 2703 isthmum
1705 2669 1800 2703 sinus

992 2716 1131 2749 Arabici
1156 2716 1383 2759 navigabilem
1408 2715 1534 2756 fuisse,
1567 2726 1630 2748 nec
1656 2714 1800 2748 effossos
1830 2754 1832 2759 Ι

993 2761 1068 2796 Nili
1094 2762 1229 2802 alveos,
1254 2768 1407 2806 tempore
1431 2760 1509 2794 belli
1533 2760 1692 2804 Trojani.
1726 2759 1802 2794 fieri

994 2812 1104 2841 autem
1131 2819 1252 2849 posse,
1287 2813 1326 2841 ut
1352 2806 1444 2850 regis
1469 2806 1713 2860 Aegyptiorum
1739 2807 1803 2840 ho-
1831 2837 1834 2852 ι

993 2853 1097 2906 spitio
1123 2853 1301 2887 Menelaus
1333 2864 1412 2886 usus
1437 2852 1568 2886 Thebis
1602 2851 1635 2884 in
1662 2852 1803 2886 Aethio-

994 2899 1082 2943 piam
1108 2900 1285 2944 profectus
1309 2899 1376 2938 sit,
1407 2898 1595 2956 eodemque
1619 2898 1718 2933 inodo
1743 2897 1803 2931 Li·
1828 2903 1836 2950 k

994 2944 1094 2987 byam
1119 2956 1253 2991 quoque
1277 2943 1425 2978 adierit:
1465 2943 1528 2979 καὶ
1557 2941 1576 2979 5
1609 2947 1702 2979 Μεν.
1734 2939 1804 2978 οὖν
1828 2940 1834 2953 ¹

996 2989 1114 3032 οὕτως
1135 3002 1184 3032 εις
1201 2991 1405 3027 Αἰθιοπίαν
1421 2983 1526 3034 ἧκεν,
1551 3003 1650 3027 ουτω
1674 2988 1715 3026 δὲ
1740 2989 1802 3025 καὶ

1518 1101 1562 1133 de
1590 1098 1740 1133 Sidoniis
1763 1101 1801 1131 et
1853 1102 1856 1111 ¹
