1856 3282
556 125 1142 168 ΟΔΥΣΣΕΙΑΣ
1195 130 1247 167 Α.

1667 138 1723 177 17

215 236 418 291 Ἀργείων
446 235 565 288 παρὰ
594 236 725 292 νηυσὶ
754 236 954 305 χαρίζετο
981 234 1078 288 ἱεροὶ
1111 234 1262 288 ῥέζων,

227 294 361 349 Τροίη
393 294 440 336 ἐν
471 292 642 350 εὐρείῃ,
672 294 713 336 τί
743 292 801 335 ‘vv'
831 294 875 335 οἱ
902 291 1037 336 τόσον
1068 290 1265 347 ωδύσαο,
1297 297 1443 346 Ζεῦ;“

265 396 452 449 respondet
486 395 536 429 illi
570 396 726 441 Jupiter,
762 394 870 428 solum
902 394 1103 439 Neptunum
1128 395 1333 439 prohibere,
1370 398 1550 442 quominus
1573 402 1718 448 Ulysses

186 443 220 476 in
255 442 400 486 patriam
432 442 576 484 redeat,
609 443 712 486 idque
743 447 887 485 propter
918 446 1133 474 occoecatum
1169 442 1212 474 ab
1247 454 1288 476 eo
1321 443 1428 478 filium
1461 445 1713 490 Polyphemum.

184 488 437 522 deliberandum
463 496 574 522 tamen
594 500 694 529 esse,
720 488 887 533 quomodo
912 487 1016 521 heros
1038 487 1096 520 ine
1119 487 1259 532 sapiens
1283 495 1320 523 et
1344 490 1486 525 deorum
1510 495 1622 528 cultor
1641 495 1715 530 voti

181 546 319 580 compos
342 534 416 567 fiat.

270 601 362 657 Τήν
392 601 438 644 δ’
470 600 820 656 ἀπαμειβόμενος
832 601 1053 673 προσέφη
1082 602 1398 673 νεφεληγερέτα
1428 604 1562 657 Ζεύς·

213 661 400 710 ,,τέκνον
429 657 556 712 ἐμόν,
587 658 717 700 ποῖόν
747 670 794 701 σε
829 657 931 707 ε’πος
962 657 1104 712 φύγεν
1134 657 1264 712 ε’ρκος
1294 657 1516 705 ὀδόντων]

127 718 183 760 65
210 731 304 766 πως
337 714 393 758 ἄν
412 714 564 758 ε’πειτ’
590 712 805 769 Ὀδυσῆος
835 714 918 769 ἐγω
948 717 1092 757 θείοιο
1123 716 1358 786 λαθοίμην,

214 770 262 822 ὃς
291 772 388 824 περὶ
418 771 498 826 μὲν
527 770 638 813 νόον
670 771 758 814 ἐστὶ
788 774 989 825 βροτων.
1021 770 1120 821 πέρι
1152 769 1195 814 δ’
1227 770 1301 824 ἱροὶ
1331 778 1504 819 θεοῖσιν

207 827 501 871 ἀθανάτοισιν
531 828 686 881 ε’δωκε,
717 828 787 870 τοὶ
815 826 1013 880 οὐρανόν
1045 826 1183 881 εὐρύν
1209 828 1410 885 ε’χουσιν,

208 884 317 928 ἀλλὰ
348 884 608 927 Ποσειδάων
636 885 841 940 γαιήοχος
872 884 1045 935 ἀσκελὲς
1075 884 1158 927 αἰεὶ

208 941 456 992 Κύκλωπος
486 940 741 996 κεχόλωται,
776 941 830 984 ὂν
859 939 1100 996 ὀφθαλμοῦ
1132 939 1341 994 ἀλάωσεν,

122 1005 176 1044 70
198 997 414 1041 ἄντί-θεον
447 997 742 1053 Πολύφημον,
777 997 860 1041 όου
889 997 1050 1049 κράτος
1078 998 1166 1041 ἐστὶ
1195 998 1400 1053 μέγιστον

205 1059 340 1098 πᾶσιν
371 1055 686 1098 Κυκλώπεσσι·
726 1055 885 1098 Θόωσα
916 1056 962 1098 δέ
993 1071 1068 1109 μιν
1098 1055 1192 1097 τέκε
1222 1056 1411 1113 Νύμφη,

210 1112 442 1166 Φόρκυνος
471 1111 690 1167 θυγάτηρ,
722 1111 827 1162 ἁλὸς
856 1110 1114 1166 ατρυγέτοιο
1145 1111 1368 1166 μέδοντος,

202 1186 251 1212 εν
281 1170 432 1214 σπέσσι
461 1173 732 1226 γλαφυροῖσι
766 1168 1045 1214 Ποσειδάωνι
1075 1172 1259 1225 μιγεῖσα.

31 1327 143 1371 Heyn.
169 1340 244 1362 ann.
276 1328 319 1362 ad
344 1328 442 1373 Virg.
468 1330 552 1362 Aen.
579 1330 632 1370 12,
658 1330 738 1363 709.
785 1340 844 1361 ce-

31 1380 141 1408 terum
168 1375 269 1408 Sch.:
305 1374 443 1415 ἒκεῖνος
459 1373 526 1418 μὲν
543 1374 589 1409 τοὶ
610 1374 699 1418 παρ’
722 1373 843 1410 αὐτου

30 1418 214 1462 ἐπιθύων,
241 1419 284 1455 σι)
305 1420 344 1456 δὲ
362 1418 407 1455 οὐ
429 1421 686 1466 κεχαρισμένος
707 1421 841 1462 (Barn.

31 1477 52 1499 e
78 1467 144 1499 ΜΞ.
170 1467 295 1510 -ως)
321 1466 534 1511 ἐλάμβανες,
562 1474 596 1501 et
620 1467 778 1500 similiter
809 1467 841 1499 E

29 1511 73 1544 de
96 1512 272 1546 Minerva:
297 1512 429 1558 εὐσεβῆ
456 1513 522 1548 τὸν
546 1511 731 1548 Ὀδυσσέα
754 1511 838 1556 ἔφη,

27 1569 118 1602 quae
151 1558 258 1602 magis
290 1559 497 1593 conveniunt
533 1560 728 1604 scripturae
753 1559 841 1592 Vin-

26 1604 233 1638 dobonensis
256 1605 338 1639 libri
362 1617 462 1650 quam
485 1606 649 1650 vulgatae
667 1604 838 1650 praescri-

50 1657 118 1686 tae

25 1660 48 1694 p
71 1697 236 1732 60-62
264 1692 536 1737 Ὀδυσσεῦς
558 1717 604 1723 -
631 1694 837 1733 ω’δύσαο.

23 1740 230 1786 παρήχησιν
253 1743 496 1778 animadvertit
520 1745 577 1784 E,
613 1744 656 1778 de
681 1755 748 1788 qua
775 1755 836 1778 ve-

23 1799 104 1822 reor
128 1795 164 1823 ut
191 1790 289 1822 Hom.
316 1790 490 1834 cogitarit.
533 1810 565 1814 -
614 1789 723 1834 ἱερα
760 1789 837 1831 ῥέ-

24 1837 137 1886 ζων,
162 1847 264 1868 sacra
280 1838 428 1878 jaciens.
475 1835 518 1892 γ’,
545 1837 589 1877 5.,
616 1837 655 1870 ΙΙ.
681 1835 728 1877 α’,
756 1837 834 1870 147.

23 1887 90 1915 etc.
123 1901 168 1906 —
209 1884 270 1925 Τρ
251 1883 358 1927 ροίῃ
390 1881 438 1917 ἐν
463 1881 640 1928 εὐρείῃ.
691 1882 738 1926 δ’,
762 1885 833 1925 99.,

23 1926 63 1961 ll.
87 1925 130 1967 ν’,
154 1926 233 1964 433.
265 1936 331 1963 etc.
364 1949 407 1954 —-
440 1932 512 1964 Am.
539 1930 592 1962 Ε.
627 1908 833 1964 ω’δυρῖσαο

23 1971 83 2031 (ε’,
106 1973 202 2016 34Ο.,
225 1973 266 2016 τ,
283 1976 377 2017 407,,
400 1975 441 2012 ΙΙ.
459 1975 511 2020 θ’,
529 1976 608 2020 37)
633 1974 832 2021 ωργίσθης,

22 2032 45 2064 η
68 2019 351 2075 προσέιιρονσας.

65 2067 121 2102 63·
199 2069 305 2108 21.
337 2068 377 2103 ΙΙ.
402 2066 449 2109 α’,
473 2071 553 2104 560.
579 2075 645 2102 etc.

65 2113 214 2148 64—66·
261 2117 408 2149 ποῖον
432 2135 477 2140 -—
502 2114 729 2150 ὀδόντων.
777 2114 832 2159 ψ’,

19 2158 96 2200 70.,
129 2158 238 2201 ΙΙ.δ,
263 2161 364 2203 35οἿ
398 2159 518 2203 ξ’,8.3
569 2161 682 2203 ‹.su
706 2163 762 2198 23
796 2168 832 2196 et

17 2203 59 2238 ll.
91 2202 129 2248 ι’,
159 2185 263 2246 409’.‚
295 2217 338 2240 ex
370 2207 491 2252 quibus
525 2207 607 2241 locis
639 2208 828 2252 intelligas,

19 2248 122 2294 ἕρκος
159 2247 216 2288 ὀδ.
242 2252 311 2286 dici
345 2261 554 2299 propterea,
589 2255 672 2299 quia
706 2256 829 2288 dentes

18 2297 158 2340 cingunt
179 2310 236 2340 os,
262 2310 329 2333 non
354 2311 422 2343 quo
448 2300 533 2334 facti
555 2300 626 2334 sint
650 2300 693 2334 ad
719 2301 829 2345 impe-

18 2341 174 2377 diendum
196 2346 303 2379 verba
327 2347 531 2387 temeraria,
564 2346 719 2391 quamvis
745 2358 826 2390 pro-

15 2399 70 2490 ἔτι
73 2399 126 2422 am
148 2390 345 2425 vocabuli‘
331 2390 436 2433 ε’ρκος
456 2393 626 2426 notionem
649 2393 826 2446 explicans

47 2434 118 2467 lato
142 2435 248 2480 Soph.
273 2448 306 2480 p.
331 2440 411 2473 220.
431 2439 470 2472 C.
497 2439 610 2473 dicat.-
636 2440 712 2474 πᾶν
734 2436 825 2474 ὅσον

16 2477 66 2512 ὃν
101 2477 206 2515 ἕνεκα
230 2481 419 2524 κωλυσεως
454 2485 554 2530 εἴργῃ
579 2498 614 2520 τι
641 2484 824 2541 περιέχον,

17 2523 123 2581 ξ’ρκος
159 2525 254 2566 εἰκὸς
293 2526 497 2586 ὀνομάζειν.
536 2551 582 2556 -
627 2533 723 2573 πῶς
764 2546 823 2567 αν

16 2569 172 2609 ὲηπειτ
198 2579 264 2607 etc·
313 2574 501 2620 ε’πειτα,
534 2583 630 2618 tum‚·
665 2590 740 2613 cum
766 2589 822 2612 res

15 2617 64 2652 ita
87 2630 124 2652 se
149 2619 292 2660 habeat,
318 2627 356 2654 ut
380 2624 488 2664 ‹licis;
524 2624 643 2678 igitur.
693 2625 737 2658 cf.
763 2626 819 2659 84.

14 2671 79 2699 etc.
128 2664 288 2710 leguntur
308 2667 392 2701 haec
413 2670 512 2704 etiam
536 2672 576 2703 ll.
602 2668 645 2712 κ’,
669 2662 750 2705 243.
774 2690 820 2696 -

13 2711 197 2755 θείοιο,
221 2713 342 2755 divini,
368 2714 433 2748 viri
452 2718 670 2759 praestantis.
696 2729 726 2750 v.
742 2728 820 2750 ann.

14 2757 58 2790 ad
79 2756 122 2791 ΙΙ.
141 2757 187 2798 α’,
211 2758 244 2794 4.
272 2777 310 2783 —
337 2760 416 2793 δεΙι.
431 2773 439 2793 :
462 2762 567 2806 περὶ
577 2761 674 2817 μὲν
698 2761 819 2798 νόον

13 2816 47 2838 ιι.
61 2816 91 2838 τ.
110 2802 138 2840 ἑ.
163 2802 247 2839 ἀντὶ
269 2805 336 2841 τοῦ
362 2809 542 2849 περίεστιν
562 2804 738 2844 ἁπάντων
756 2809 819 2844 καὶ

14 2848 172 2892 συνέσει,
196 2851 258 2886 καὶ
281 2850 458 2899 εὐσεβείᾳ.
484 2865 516 2887 v.
542 2865 616 2889 ann.
643 2857 687 2890 ad
712 2856 750 2891 ΙΙ.
770 2856 819 2897 α’,

11 2896 91 2940 258,
114 2898 193 2932 287.
224 2898 382 2955 Xenoph.
410 2901 511 2935 Mem.
537 2901 633 2935 Socr.
656 2903 745 2944 3‚7‚
765 2903 816 2937 7.:

10 2943 83 2977 ταῖν
102 2942 394 3000 ἐπιμελουμένων
417 2948 486 2981 τοῦ
504 2945 547 2992 τῇ
569 2946 674 2982 πόλει
694 2948 815 2984 διαλέ-

29 2991 136 3026 luston
151 2986 247 3026 πυλν
264 2990 412 3036 περιών.
444 3005 541 3039 „per
564 2993 685 3028 tmesin
711 2995 814 3030 etiam

47 3046 152 3082 Bou».
143 3060 175 3083 ιι
211 3049 272 3084 IV

889 1327 1019 1361 Herod.
1045 1329 1080 1369 3,
1103 1329 1173 1365 36.
1197 1329 1231 1368 8,
1256 1329 1312 1363 81.
1337 1332 1372 1362 et
1395 1328 1543 1373 saepius.
1555 1333 1579 1351 “
1601 1333 1636 1366 E
1660 1332 1701 1367 N.

890 1393 932 1398 —
957 1374 1070 1417 πέρι
1095 1372 1134 1408 δ’
1162 1372 1239 1415 ἱροὶ
1265 1382 1332 1408 etc.
1366 1387 1560 1420 περισσως,
1585 1379 1701 1420 valde,

887 1432 1002 1463 saepe.
1050 1421 1090 1453 ΙΙ.
1116 1414 1163 1462 6,
1188 1420 1245 1456 46.
1270 1427 1337 1454 etc.

934 1467 1022 1501 68—
1027 1466 1083 1500 79.
1131 1465 1388 1524 γαιήοχος.
1435 1466 1489 1509 θ’,
1521 1469 1625 1510 322„
1657 1471 1700 1506 Il.

886 1508 929 1551 ν’,
948 1512 1004 1546 43.
1022 1518 1089 1545 etc.
1113 1532 1159 1536 —
1185 1511 1380 1554 ἀσκελὲς
1402 1513 1492 1548 idem
1516 1521 1570 1549 est
1594 1521 1699 1562 atque

884 1555 1060 1598 ἀσκελέως
1082 1557 1124 1601 ῌ.
1149 1556 1192 1600 τ’,
1217 1560 1272 1594 68.
1283 1583 1295 1600 ,
1329 1560 1422 1604 quod
1454 1562 1520 1605 Ap.
1557 1563 1699 1617 exponit

884 1605 1059 1647 σκληρῶς,
1085 1605 1442 1650 δυσμεταστρέπτως.
1468 1608 1516 1640 cf.
1537 1606 1584 1649 6,
1602 1608 1696 1653 543,

915 1651 1029 1691 ‚463.
1054 1670 1100 1675 —
1125 1651 1400 1692 Κύκλωπος.
1435 1653 1542 1697 genit.
1567 1665 1697 1690 causa-

881 1696 937 1730 lis.
985 1697 1025 1732 Il.
1066 1695 1112 1741 β’,
1145 1699 1250 1739 466,
1294 1699 1419 1732 Matth.
1456 1702 1490 1742 §-
1523 1701 1605 1736 345.
1651 1720 1696 1728 -

885 1741 1123 1785 α’λάωσεν,
1149 1747 1364 1787 excoecavit,
1390 1746 1434 1779 ab
1460 1743 1596 1787 ἀλαὸς,
1619 1759 1695 1782 coe-

883 1801 952 1824 cus.
979 1802 1014 1824 v.
1040 1788 1093 1831 θ’,
1120 1793 1210 1830 1.‚95
1235 1789 1270 1832 ι’,
1288 1791 1381 1833 516,
1405 1791 1445 1828 ΙΙ.
1463 1790 1507 1834 κ’,
1526 1794 1603 1828 515.
1624 1799 1694 1829 etc.

883 1835 1149 1879 ὀφθαλμοῦ
1185 1834 1254 1872 ἀλ.
1290 1837 1417 1871 dictum
1452 1844 1506 1872 est
1535 1846 1572 1873 ut
1593 1841 1694 1884 pedi—

881 1883 942 1915 bus
966 1884 1018 1916 ire
1044 1889 1079 1916 et
1103 1883 1238 1919 similia.
1263 1902 1308 1908 —
1333 1882 1603 1926 ἀντίθεον,
1626 1887 1694 1921 «liis

878 1930 1046 1970 similem,
1078 1936 1199 1972 utpote
1231 1929 1280 1963 fili
1286 1941 1339 1963 um
1368 1930 1445 1971 dei,
1478 1931 1694 1978 eundemque

878 1976 1053 2008 robustum
1077 1987 1184 2020 supra
1210 1976 1388 2010 hominem.
1435 1978 1486 2011 ita
1509 1984 1544 2011 et
1568 1990 1692 2023 procos

877 2021 1074 2065 Penelopae
1100 2026 1201 2055 vocat
1229 2020 1494 2066 &vufflens-§3
1522 2026 1598 2065 18.
1632 2025 1691 2059 ubi

876 2068 958 2101 sch.
985 2067 1087 2101 male:
1116 2064 1352 2103 ἀντίθεοι.
1377 2072 1448 2104 νῦν
1469 2082 1505 2105 οι
1526 2069 1690 2106 ἐναντίοι

877 2117 957 2153 τοῖς
985 2116 1102 2153 θεοῖς.
1137 2122 1234 2148 recte
1259 2122 1372 2150 autem
1397 2117 1525 2151 13:-
1551 2119 1586 2152 εἰ
1608 2119 1690 2153 ἰσο-

877 2160 994 2199 θέους
1024 2160 1116 2204 λεγει
1154 2159 1218 2195 διά
1250 2174 1290 2196 τε
1321 2161 1426 2206 γένος
1455 2161 1589 2219 τυχὸν,
1625 2164 1688 2200 καὶ

876 2205 1031 2247 κάλλος,
1080 2205 1142 2241 καὶ
1183 2209 1370 2264 πλοῦτον,
1415 2210 1477 2245 καὶ
1516 2207 1609 2254 α’νόρ
1589 2212 1687 2255 ρίαν,

867 2250 1200 2308 Ὁμηρικώτερόν’
1183 2265 1270 2289 εστι.
1304 2255 1348 2290 cf.
1373 2253 1417 2297 λ’,
1442 2257 1523 2293 307.
1548 2264 1583 2291 et
1607 2269 1687 2294 anu.

872 2300 914 2334 ad
941 2301 997 2335 29
1044 2297 1296 2346 ὑπερβολικῶς
1318 2307 1355 2335 et.
1377 2280 1443 2335 1160
1467 2302 1558 2337 dixit
1581 2309 1617 2337 et
1640 2305 1686 2338 si-

871 2346 964 2380 milia
989 2347 1083 2387 δῖος,
1111 2349 1233 2388 θεῖος,
1257 2347 1442 2392 θεοειδης,
1466 2351 1686 2392 θεοείκελος,

871 2392 931 2426 sed
958 2393 1008 2427 ita
1037 2400 1269 2438 comparatum
1295 2400 1349 2428 est
1371 2395 1543 2439 ingenium
1569 2397 1684 2432 Grae-—

873 2450 1010 2481 corum,
1042 2445 1080 2472 ut
1105 2444 1196 2472 amet
1220 2446 1392 2482 extrema,
1415 2442 1604 2476 mediocria
1630 2443 1684 2477 fu,-

870 2484 965 2528 giat‚
1007 2485 1041 2518 in
1073 2485 1176 2519 dictis
1209 2486 1392 2531 factisque.
1437 2506 1482 2512 -
1527 2501 1554 2522 π
1569 2489 1683 2524 οἷσιν

870 2529 1209 2566 Κυκλωπεσσι.
1242 2533 1277 2566 Ιι.
1304 2545 1332 2567 e
1359 2531 1399 2568 ἐν
1420 2534 1512 2568 πᾶσι
1538 2537 1601 2578 Κ.,
1626 2535 1682 2569 in-

867 2583 921 2611 ter
941 2585 1070 2611 ceteros
1094 2578 1266 2621 Cyclopes.
1315 2579 1439 2624 Eurip.
1464 2580 1577 2625 Iphig.
1602 2581 1680 2616 ΑυΙ.

866 2625 965 2659 685.;
993 2638 1060 2658 ,ταν
1081 2626 1155 2658 τών
1181 2624 1308 2666 αἰθέρι
1336 2625 1473 2660 δισσῶν
1495 2626 1681 2662 Διοσκού-

867 2683 943 2710 ρων
964 2668 1063 2705 Ελέι
1068 2683 1113 2704 αν
1139 2675 1203 2704 etc.
1215 2695 1226 2711 ,
1260 2671 1315 2705 ubi
1341 2672 1472 2716 vulgati
1497 2672 1574 2707 libri
1599 2681 1680 2709 ante

867 2716 1049 2751 Matthiaei
1074 2715 1113 2751 ἐν
1137 2715 1278 2760 αἰθέρι,
1303 2724 1465 2762 corrupto
1490 2730 1604 2754 versu.
1632 2739 1678 2746 —·

868 2762 1041 2798 Θόωσα
1076 2763 1126 2799 δέ
1158 2775 1240 2806 μιν
1260 2769 1324 2796 etc
1351 2775 1432 2798 nam
1452 2764 1594 2801 Thoosa
1615 2777 1677 2809 pe-

865 2810 957 2853 perit
982 2821 1068 2844 eum
1118 2822 1150 2843 v.
1179 2809 1295 2853 Viget.
1321 2811 1363 2849 8,
1398 2811 1439 2849 8,
1476 2810 1532 2845 24.
1559 2818 1595 2846 et
1625 2812 1675 2847 1b1

864 2856 983 2889 Herm.
1023 2873 1068 2880 --
1115 2853 1378 2897 Φόρκυνος.
1419 2856 1573 2902 Phorcys
1615 2869 1675 2892 seu

864 2902 1036 2946 Phorcyn,
1062 2901 1145 2934 deus
1170 2900 1329 2942 marinus,
1356 2902 1455 2936 Ponti
1480 2908 1515 2936 et
1540 2903 1675 2940 Terrae

862 2948 908 2982 fil.
935 2948 1020 2989 fuit,
1056 2947 1241 2981 secundum
1266 2947 1422 2992 Apollod.
1450 2951 1481 2990 1,
1505 2951 1538 2990 2,
1563 2951 1596 2985 6.
1629 2968 1673 2975 -

861 2992 976 3034 ἁλός
1012 2991 1316 3039 ἀτρυγέτοιο.
1362 2993 1402 3034 ε’,
1436 2995 1493 3030 52.
1505 3019 1515 3038 ,
1550 2995 1591 3032 ΙΙ.
1624 2993 1672 3037 α’,

1370 3044 1398 3084 2
