1856 3282
538 145 1111 191 ΟΔΤΣΣΕΙΑΣ
1166 144 1215 193 Ξ.

1607 143 1687 184 183

114 260 190 301 100
220 253 315 298 οὔτ’
346 252 481 325 αὐτῆς
509 252 699 312 Ἰθάκης,
731 255 832 299 οὔτε
844 254 1096 327 ξυνεείκοσι
1125 258 1283 310 φωτῶν

219 309 305 355 36¹1:
340 310 502 383 ἄφενος
528 316 780 356 τοσσοῦτον.

838 312 921 382 ἐγώ
951 312 999 355 δέ
1025 311 1073 354 κέ
1101 327 1169 354 τοι
1201 311 1424 365 καταλέξω

169 373 187 396 *
218 365 376 411 δώδεκ’
401 367 448 410 ἐν
475 366 637 438 ἠπείρῳ
666 367 841 438 ἀγέλαι·
869 368 977 412 τόσα
1004 366 1125 411 πῶεα
1154 368 1272 418 οἰῶν,

168 425 186 445 *
216 424 348 468 τόσσα
373 428 494 467 συῶν
523 424 735 478 συβόσια,
764 424 859 469 τόσ’

890 424 1064 468 αἰπόλια
1090 422 1238 467 πλατέ’
1268 425 1403 479 αἰγῶν

216 480 424 553 βόσκουσι
453 482 585 532 ξεῖνοί
613 497 677 533 τε,
713 482 786 525 καὶ
816 480 956 525 αυτοῦ
984 481 1172 550 βῶτορες
1200 478 1367 534 ἄνδρες.

107 539 186 581 105
216 537 323 580 ἔνθα
352 537 398 580 δέ
426 535 464 579 τ’
497 536 675 581 αἰπόλια
702 536 853 581 πλατέ’

215 592 388 649 ἐσχατιῃ
418 589 644 648 βόσκοντ’·

213 653 302 692 τῶν
331 650 414 692 αἰεί
442 661 550 705 σφιν
579 650 757 702 ἕκαστος
789 649 858 694 ἐπ’

861 540 1019 609 αἰγῶν
1047 536 1199 581 ἕνδεκα
1227 535 1367 578 πάντα

674 594 742 638 ἐπὶ
771 592 814 638 6'
847 592 995 665 ἀνέρες
1025 592 1173 637 ἐσθλοὶ
1202 589 1390 645 ὄρονται.

888 650 1021 706 ἤματι
1052 653 1191 720 μῆλον
1218 647 1360 703 ἀγινεῖ

214 705 464 777 ζατρεφέων
489 707 657 777 αἰγῶν,
674 706 792 756 ὅστις
822 708 1032 776 φαίνηται
1061 705 1259 759 ἄριστος·

214 761 353 817 αὐτὰρ
381 761 464 818 ἐγω
496 767 576 814 σῦς
605 762 735 807 τάσδε
764 762 975 819 φυλασσω
1003 777 1068 815 τε,
1098 761 1262 818 ῥύομαί
1289 774 1348 813 τε,

42 871 217 917 μέλαιναν
239 873 282 917 λ,
300 874 380 912 364.
404 877 439 908 et
455 875 594 932 ppssjm.
642 875 748 910 Scin:
771 871 841 919 ἦπ.

42 921 279 978 μελαίνης.
317 922 382 965 τῆς
404 919 487 955 κατ’
513 919 667 962 ἀντικρύ
692 923 841 966 Κεφαλ-

42 966 169 1010 ληνίας
204 967 275 1001 νῦν
304 967 407 1010 λέγει.
452 965 563 1012 μέρος
597 967 639 1005 δέ
669 965 745 1002 ἐστι
777 967 844 1011 τῆς

40 1012 198 1058 πελάγης
221 1013 290 1056 (sic
313 1013 367 1047 ed.
393 1017 490 1056 ant-3
526 1018 694 1048 recena:
717 1014 842 1057 μελαί-

40 1070 117 1102 νης.
149 1060 247 1094 sorta
271 1058 336 1103 τῆς
352 1058 474 1099 πέλας.
509 1059 643 1093 Buttm.
669 1059 754 1093 imo:
777 1060 842 1104 τῆς

38 1103 209 1160 περάτης.
248 1115 281 1138 v.
306 1117 384 1138 ann.
408 1106 452 1139 ad
486 1104 539 1147 δ’,
564 1104 638 1149 41.)
675 1103 840 1150 η’πείρου.

38 1148 134 1196 αὕτη
157 1150 219 1186 καὶ
242 1148 320 1195 μετ’
348 1149 477 1207 ὀλίγον
496 1149 726 1196 ἐπιφέρεται,
761 1151 843 1187 δαί-

39 1197 151 1232 δεκα
174 1195 219 1232 ἐν
243 1196 425 1252 ἠπείρω
450 1194 628 1252 οἷγέλαι.
650 1216 695 1222 -
738 1199 842 1239 ξυν-

39 1244 164 1279 εείκο
179 1254 241 1285 σι,
272 1247 310 1276 ut
335 1242 499 1286 σύνδυο,
530 1242 694 1286 σύντρεις
717 1249 752 1277 et
775 1244 843 1277 alia

37 1290 215 1333 ejusmodi.
257 1300 334 1323 ann.
356 1289 399 1323 E.
430 1309 473 1315 —
516 1287 714 1333 ἄφενος,
754 1301 843 1333 opes.

37 1335 76 1369 11.
103 1334 150 1379 α’,
178 1337 263 1377 171,
287 1333 341 1378 ψ’,
361 1337 440 1371 299.
457 1355 500 1360 -
534 1334 617 1380 ἐγω
643 1354 688 1361 —-
711 1348 843 1370 κατα-

38 1381 162 1424 λέξω.
197 1381 334 1425 mitigat
363 1380 406 1417 τὸ
434 1379 474 1416 u}
498 1381 684 1416 orationem
718 1382 769 1424 (v.
794 1380 841 1423 α’,

36 1429 157 1472 316),
182 1428 282 1473 quasi
305 1426 400 1462 dicas
423 1427 635 1472 germanice·
669 1429 723 1462 ich
747 1429 841 1462 kann

37 1485 73 1508 es
96 1473 189 1508 wohl
212 1474 267 1508 dir
290 1473 486 1507 bcrechnen.

83 1522 163 1562 102,
187 1520 221 1556 3.
267 1519 322 1552 E:
347 1518 526 1563 ἀγέλαι.
547 1520 662 1576 βοῶν
686 1517 839 1574 δηλαδὴ,

37 1566 104 1602 ι’σω
155 1563 196 1600 δὲ
227 1564 288 1599 καὶ
319 1564 461 1601 ἳππων·
492 1562 566 1601 ἐπ’
583 1562 727 1610 εἰμφοῖν
757 1564 838 1611 γάρ,

37 1624 173 1657 φασιν,
207 1608 231 1655 ἡ
265 1609 410 1656 ἀγέλη
444 1614 741 1656 κυριολεκτεῖται.
786 1613 841 1656 (ut.

35 1659 144 1694 latina
165 1669 233 1692 vox
257 1663 460 1692 armentum.
496 1658 599 1692 alieni
622 1663 735 1693 tamen
759 1657 839 1704 equi

35 1706 78 1740 ab
108 1705 237 1739 Ithaca.
285 1715 404 1761 quare
425 1716 502 1738 mox
535 1704 609 1749 ipse
633 1716 693 1738 sua
726 1709 838 1738 retra-

36 1756 153 1785 ctans.
179 1747 345 1805 οἷγέλαι
369 1748 409 1784 δε
408 1751 526 1804 βοῶν
542 1750 697 1792 πάντως,
717 1750 840 1795 inquit,

28 1797 72 1835 εἰ
95 1796 158 1831 καὶ
184 1793 204 1830 6
228 1809 273 1832 π.
291 1795 356 1830 διὰ
375 1792 418 1831 τὸ
442 1795 542 1831 πάνυ
568 1796 730 1840 φανερόν
756 1807 840 1831 σιω-

35 1843 89 1887 πᾷ
112 1841 262 1899 τοῦτο.)
298 1836 348 1899 ἧς
371 1842 591 1888 παράγωγον
616 1842 693 1888 ἆγε
707 1846 725 1877 λ
735 1845 810 1876 aio
824 1855 840 1882 ς

35 1902 104 1947 μεν
128 1887 147 1925 6
173 1888 211 1932 ἐξ
241 1885 385 1945 ἀγέλης,
423 1889 642 1934 ἀγέλαιος
674 1887 714 1923 δὲ
746 1886 841 1924 κατὰ

36 1934 126 1977 τούς
148 1934 332 1976 παλαιούς
349 1935 684 1979 προπαροξυτόνως
704 1931 723 1970 6
745 1948 841 1978 αμα-

36 1980 91 2018 θ’
70 1995 124 2027 η.ς
142 2001 185 2007 -
218 1982 342 2017 οἰῶν.
377 1994 502 2016 vereor
533 1993 577 2016 ne
606 1983 661 2016 hic
691 1993 839 2037 quoque,

37 1996 90 2062 ιιι.η
99 2028 138 2062 11.
172 2025 223 2071 λ’,
248 2029 346 2069 678.
378 2029 592 2062 scribendum
626 2029 672 2061 sit
702 2027 840 2072 μήλων,

36 2075 111 2109 sine
136 2073 251 2115 hiatu3
285 2053 436 2129 pr6ximo
470 2081 582 2108 autem
607 2085 708 2107 versu
733 2073 840 2107 malim

36 2132 143 2155 nunc·
171 2118 285 2154 τόσσα
310 2119 462 2166 συβόσια
486 2121 606 2162 συῶν,
631 2117 738 2155 τόσσ’
763 2121 841 2154 αἰπ.

37 2179 74 2202 π.
93 2179 141 2207 α.,
165 2178 239 2200 cum
263 2178 328 2200 non
353 2171 519 2211 appareat
544 2147 646 2207 rat'io,
671 2177 737 2210 qua
761 2178 842 2210 pen-

36 2212 155 2246 ultima
182 2211 280 2246 verbi
312 2212 486 2258 σνβόσιον
504 2212 731 2258 producatur,
755 2213 842 2245 bene

37 2264 150 2292 autem
181 2268 219 2291 se
251 2259 376 2293 habeat
408 2259 579 2303 scriptura
615 2259 695 2302 συβ.
732 2259 842 2312 συῶν,

36 2308 202 2362 usurpato
234 2305 555 2360 proceleusmatic0‚
588 2309 627 2338 ut
650 2304 683 2337 1ιι
708 2305 841 2338 nomine

36 2349 213 2394 Ἐνυαλίῳ
237 2350 275 2383 ΙΙ.
302 2348 346 2396 β’,
369 2352 447 2385 651.
494 2351 540 2386 cs.
563 2361 639 2384 ann
667 2349 710 2383 ad
735 2351 774 2384 11.
796 2348 842 2394 γ’,

39 2398 117 2431 357.
148 2399 184 2429 et
214 2395 440 2430 Hermannum
477 2396 585 2430 Elem.
619 2397 711 2430 docr.
744 2403 842 2431 metr.

40 2443 241 2529 p'‚{1{-
265 2442 361 2476 αἰπ.
384 2439 541 2477 πλατέ’
566 2442 725 2487 αἰγῶν.
749 2455 782 2476 v.
800 2443 840 2476 11.

88 2532 299 2568 104—109.
346 2533 398 2566 Ε.
433 2534 626 2588 ξείνους
658 2532 747 2573 τούς
778 2545 841 2577 μι-

40 2576 212 2619 σθωτους
244 2579 344 2622 λέγει.
391 2580 443 2621 (1ιὶ
475 2580 547 2614 sere
579 2581 685 2613 minus
718 2581 841 2624 proba-

39 2627 175 2660 bantur.
222 2624 317 2667 Virg.
344 2625 465 2669 Eclog.
489 2627 531 2667 3,
552 2627 609 2660 5.=
635 2626 688 2659 hic
711 2625 843 2660 alienus

41 2682 120 2705 oves
153 2674 267 2704 custos
299 2671 348 2703 bis
370 2674 503 2727 mulget
526 2672 563 2705 in
586 2672 682 2705 hora.
725 2683 758 2705 v.
793 2671 842 2704 ibi

43 2718 164 2760 Voss.)
184 2733 230 2741 -
259 2715 378 2751 ἰστέον
399 2716 438 2752 δὲ
459 2729 526 2759 ως,
555 2718 589 2752 εἰ
607 2717 667 2752 καὶ
689 2718 843 2762 φαίνον-

41 2776 104 2798 ται
124 2761 251 2797 πολλοὶ
284 2764 336 2797 τῶ
358 2759 528 2798 Ὀδυσσεῖ
553 2762 723 2819 γενέσθαι
755 2764 844 2798 δοῦ-

43 2813 120 2850 λοι,
157 2805 247 2843 ἀλλὰ
279 2797 321 2844 τό
346 2807 600 2865 βόσκουσι
602 2829 646 2834 -
673 2807 846 2853 ανδρες

44 2853 113 2890 οὐκ
136 2852 292 2898 ἀφίησιν
315 2854 521 2911 (permittit)
554 2852 694 2895 αυτούς
714 2854 846 2890 τοσού-

43 2912 133 2940 τους
156 2899 274 2942 εἶναι,
306 2897 440 2937 ὀπόσοι
472 2904 549 2942 τοῖς
568 2899 847 2958 ὑστερογενέσιν

46 2945 276 3003 ἱστόρηνται,
309 2944 392 2982 ἄλλ’
415 2947 506 2982 εἰσὶν
528 2945 640 2982 αὐτοὶ
664 2947 791 2992 σχεδόν
813 2959 848 2980 τι

47 2991 88 3027 τὰ
109 2990 236 3037 μηδεν,
262 2992 299 3028 εἴ
314 3006 370 3036 τις
385 2991 586 3039 ἐνθυμοῖτο
602 2993 641 3036 ἐξ
664 2993 850 3039 ἱστοριῶν,

889 873 939 916 ὥς
962 874 1099 915 Νικίας
1129 873 1196 918 μέν
1219 885 1275 914 τις
1305 870 1482 916 (Nicerati
1514 868 1582 909 fil„
1617 866 1685 901 dux

888 921 1139 955 Atheniensium
1159 919 1356 955 notissimus
1380 930 1421 952 ex
1432 893 1636 972 T11uc361de
1652 918 1687 947 et

887 966 1101 1010 historicis.)
1138 968 1277 1010 χιλιους
1317 963 1408 1009 ε’χων
1440 961 1583 1002 οἰκέτας
1612 959 1688 1003 ε’μί-

887 1015 1029 1056 σθωσε,
1055 1013 1188 1056 φασὶν,
1213 1010 1388 1051 αὐτούς(
1373 1011 1425 1049 εἰς
1446 1022 1493 1044 τοι
1514 1005 1688 1065 ἀργυρεῖα

887 1061 1016 1104 Σωσίᾳ
1038 1060 1091 1104 τῷ
1116 1058 1251 1115 Θρᾳκὶ,
1285 1055 1350 1101 ἐφ’
1385 1052 1414 1103 ᾧ
1447 1052 1583 1100 ὀβολόν
1607 1051 1688 1087 ἕκα-

887 1116 974 1140 στον
998 1108 1111 1140 τελεῖν
1135 1106 1200 1148 τῆς
1225 1102 1368 1150 ἡμέρας.
1414 1101 1622 1145 Δαρδανεῖς
1647 1095 1688 1133 δε

888 1151 1034 1195 (cellar.
1051 1153 1084 1186 2
1081 1163 1136 1209 p.
1154 1152 1222 1194 50„
1248 1151 1419 1185 Mannert.
1437 1150 1470 1189 6,
1487 1149 1521 1183 3.
1541 1159 1576 1193 p.
1591 1145 1688 1186 506)

888 1197 1045 1236 δούλους
1073 1195 1227 1253 ἐκτῶνῗτο
1260 1194 1280 1232 6
1310 1208 1378 1239 μεν
1404 1195 1562 1251 χιλίους,
1593 1189 1613 1226 6
1648 1188 1689 1225 δὲ

887 1242 949 1278 καὶ
973 1244 1139 1285 πλείους,
1164 1236 1215 1277 ὠν
1240 1241 1389 1281 ἕκαστος
1411 1240 1451 1276 ἐν
1473 1253 1538 1284 μεν
1563 1234 1688 1282 εἰρήνῃ

887 1293 1055 1346 γεωργεῖν
1078 1288 1235 1345 λέγεται,
1260 1288 1299 1324 ἐν
1324 1285 1468 1333 πολέμῳ
1494 1285 1533 1322 δὲ
1556 1285 1689 1339 λοχίζε-

889 1336 981 1371 σθαι
1013 1333 1088 1371 υπό
1126 1333 1277 1380 ἡγέμονι
1317 1335 1369 1381 τῷ
1408 1334 1492 1378 ἰδίω
1531 1329 1688 1386 δεσπότῃ

888 1383 999 1426 (more
1023 1382 1135 1416 adhuc
1155 1382 1295 1416 Rossico
1313 1386 1348 1414 et
1361 1380 1444 1414 Slav
1447 1379 1578 1420 orum)·
1599 1373 1689 1411 Ρω-

886 1430 1007 1472 μαίων
1032 1426 1072 1462 δὲ
1097 1427 1246 1469 ἕκαστος
1268 1428 1424 1472 μυρίους
1457 1438 1491 1460 κ.
1524 1422 1690 1480 δισμυρί-

888 1489 971 1517 ους,
1000 1475 1129 1510 πολλοὶ
1160 1472 1199 1509 δε
1232 1474 1294 1509 καὶ
1324 1473 1493 1528 πλείους,
1528 1468 1596 1506 οὐκ
1629 1466 1689 1505 ἐπὶ

885 1520 1104 1564 προσόδοις,
1129 1521 1263 1563 φασὶν,
1295 1531 1346 1560 ως
1370 1514 1390 1553 6
1414 1520 1489 1553 τῶν
1509 1514 1689 1561 Ελλήνων

885 1567 1085 1610 ζαπλουτος
1104 1568 1251 1607 Νικίας.
1284 1565 1345 1601 καὶ
1358 1564 1525 1600 Μνάσων
1544 1561 1596 1601 δε.
1617 1575 1690 1607 φα-

886 1615 965 1668 σὶν,
1004 1611 1024 1648 6
1053 1613 1201 1655 Φωνεῦς
1224 1612 1389 1657 (Elateae
1416 1611 1508 1645 urbis
1532 1609 1690 1655 princeps

885 1660 920 1693 in
945 1660 1113 1694 Phocide·
1139 1671 1172 1693 v
1193 1658 1307 1692 Crusn
1324 1658 1460 1714 mythol
1485 1657 1564 1690 hist.
1589 1656 1689 1689 War-

886 1707 971 1740 tevb.
992 1718 1025 1751 p.
1048 1706 1147 1750 435.)
1171 1705 1318 1745 πλείους
1342 1702 1507 1746 ἐκέκτητο
1533 1700 1690 1742 δούλους

885 1753 960 1786 τῶν
982 1754 1116 1807 χιλίων.
1132 1773 1177 1778 --
1208 1750 1411 1804 βώτορες
1436 1749 1620 1792 ἄνδρες.
1646 1745 1690 1790 ρ’,

884 1800 971 1841 200,
999 1799 1035 1832 11.
1060 1796 1109 1841 μ’,
1129 1799 1207 1832 302.
1244 1796 1431 1841 adscripsit
1454 1797 1540 1829 haec
1563 1794 1687 1829 Eichh.

885 1844 952 1878 illis
976 1844 1111 1889 Virgilii
1137 1844 1219 1877 Aen.
1245 1846 1288 1886 7,
1313 1844 1412 1878 538.
1437 1847 1583 1886 quinque
1606 1851 1688 1885 gre-

885 1901 948 1936 ges
980 1892 1033 1924 illi
1039 1872 1266 1931 Όὸαίιιιιειιιη,
1300 1890 1405 1934 quina
1434 1888 1594 1922 redibant
1624 1888 1689 1920 Ar-

886 1941 1024 1978 menta,
1059 1941 1091 1970 et
1116 1941 1245 1969 terram
1269 1940 1401 1969 centum
1425 1934 1579 1968 vertebat
1603 1944 1689 1966 ara-

886 1983 960 2017 tris.
982 2001 1026 2009 —
1066 1981 1238 2017 ε’νὸεκοι
1267 1980 1434 2015 πάντα.
1469 1993 1517 2021 ε,
1541 1978 1620 2036 344.
1644 1995 1689 2002 -·

887 2028 1101 2084 ἐσχατιῇ.
1136 2029 1234 2073 plene
1259 2027 1346 2060 dixit
1369 2023 1485 2070 αγροῦ
1507 2023 1562 2059 ἐπ’
1587 2024 1689 2068 ἐσχα-

887 2088 945 2119 τιη
948 2088 969 2109 ν
993 2074 1037 2114 δ,
1057 2076 1155 2116 519.,
1183 2075 1218 2107 in
1243 2078 1430 2106 extremam
1451 2077 1587 2116 partem
1599 2073 1688 2113 fun-

887 2123 943 2163 di,
981 2100 1038 2154 ιι1)1
1071 2121 1189 2154 domus
1223 2120 1447 2173 egricolarum
1490 2117 1689 2151 aedificatae

888 2171 1002 2208 erant,
1028 2167 1121 2210 agris
1145 2165 1321 2211 pratisque
1349 2164 1589 2198 circumdatae.
1622 2162 1687 2205 (cs.

888 2213 1045 2246 viilcker.
1073 2224 1104 2257 p.
1131 2214 1188 2252 65,
1212 2213 1284 2254 66.)
1321 2221 1441 2255 caplas
1464 2214 1596 2243 tantum
1620 2219 1687 2242 ma-

887 2271 953 2303 gno
978 2270 1114 2292 nurnero
1139 2258 1253 2291 alebat
1276 2257 1395 2290 Ithaca
1419 2260 1560 2309 propter
1584 2265 1689 2298 aspe-

888 2305 1021 2339 ritatem
1053 2303 1134 2344 soh,
1170 2306 1321 2337 armenta
1353 2306 1388 2335 et
1411 2313 1492 2335 oves
1523 2301 1556 2334 in
1580 2300 1689 2334 οοιιιῐ-

889 2355 989 2384 nente
1013 2351 1249 2407 pascebantur.
1291 2360 1324 2381 v.
1350 2347 1395 2389 6,
1417 2349 1535 2383 605-
1546 2348 1687 2382 607.-

888 2395 965 2432 ἐπὶ
989 2416 1033 2420 -
1058 2394 1283 2438 ὄρονται,
1307 2392 1514 2436 ἕπόρονται,
1537 2393 1688 2426 excitau-

888 2449 956 2483 tur,
970 2441 1149 2475 mittuntur
1169 2440 1211 2475 ad
1225 2440 1411 2485 pascendos
1427 2450 1563 2484 greges.
1586 2438 1686 2470 Sch.:

887 2487 1219 2523 ἐπακολουθοῦσιν.
1272 2485 1464 2526 ἐσθλοὶ,
1497 2483 1595 2525 boni,
1627 2483 1686 2516 Ιια

889 2536 982 2568 biles.
995 2553 1040 2558 —
1065 2533 1115 2566 E·
1109 2560 1115 2566 .
1141 2532 1181 2568 τὸ
1201 2530 1241 2567 δὲ
1266 2530 1333 2567 ἐπ’
1353 2529 1497 2587 ἤματι
1517 2530 1646 2585 ἑρμηνε
1632 2530 1688 2563 είοι

887 2580 962 2616 ἐστὶ
986 2580 1056 2614 τοῦ
1081 2579 1166 2623 αἰεὶ,
1192 2579 1254 2613 ἴνα
1278 2578 1333 2623 εἴη
1354 2575 1411 2612 ἀεὶ
1434 2576 1475 2611 τὸ
1498 2573 1585 2611 καθ’
1606 2574 1688 2609 ἕκα-

889 2638 974 2662 στον
1006 2620 1124 2681 ἦμαρ.
1165 2625 1308 2669 μῆλον
1347 2622 1387 2658 δε
1418 2623 1487 2657 νῦν
1519 2620 1689 2674 φανερῶς

887 2673 950 2708 ἐπὶ
974 2669 1088 2727 αἰγὸς
1105 2669 1337 2728 ἡρμηνευται.
1378 2669 1429 2711 (v.
1461 2679 1536 2701 ann.
1574 2667 1614 2700 ad
1640 2663 1688 2706 α’,

889 2720 1027 2772 92.)-
1049 2715 1091 2752 τὸ
1117 2717 1156 2752 δὲ
1181 2715 1333 2760 α’γινεῖ
1355 2715 1420 2757 (υ,
1445 2715 1530 2755 213,
1557 2711 1601 2755 ρ,
1619 2710 1688 2746 294

891 2765 977 2808 etc.)
1004 2761 1148 2808 ἀχρεῖον
1163 2776 1229 2806 μεν
1246 2763 1298 2802 εἰς
1308 2739 1581 2816 πεζογραφίόιν,
1579 2757 1689 2792 ἐκτεί-

891 2823 945 2845 νει
975 2809 1014 2845 δὲ
1047 2809 1115 2853 τὴν
1149 2806 1443 2862 παραληγουσαν.
1474 2825 1515 2831 --
1559 2802 1688 2842 οστις

892 2857 964 2899 αἱξ.
1011 2857 1082 2889 Am
1109 2856 1175 2894 Q:
1208 2852 1265 2888 ὅτι
1291 2851 1498 2908 ἀρσενικῶς
1506 2851 1623 2893 (secus
1645 2860 1684 2882 nc

892 2904 949 2944 50,
974 2899 1010 2941 ι’,
1036 2901 1112 2941 124,
1138 2899 1181 2943 ρ’,
1200 2899 1300 2942 295.)
1324 2897 1388 2934 τὸν
1412 2895 1499 2942 01¹on
1524 2906 1623 2940 φησι.
1642 2913 1687 2919 -

893 2926 1055 2987 τάσδε,
1079 2947 1161 2986 has,
1186 2956 1272 2989 quae
1297 2945 1352 2999 hie
1375 2943 1619 2977 custodiuntur.
1642 2960 1687 2966 —

895 2993 1093 3037 ῥύομαι,
1116 2996 1222 3026 tueor.
1257 2990 1296 3024 11.
1322 2989 1355 3031 ι’,
1378 2989 1444 3026 396
1464 2994 1530 3023 etc.
