<?xml version="1.0" encoding="UTF-8"?>
<!DOCTYPE html PUBLIC "-//W3C//DTD XHTML 1.0 Transitional//EN"
    "http://www.w3.org/TR/xhtml1/DTD/xhtml1-transitional.dtd">
<html xmlns="http://www.w3.org/1999/xhtml" xml:lang="en" lang="en">
 <head>
  <title>
</title>
<meta http-equiv="Content-Type" content="text/html;charset=utf-8" />
  <meta name='ocr-system' content='tesseract 3.04.00' />
  <meta name='ocr-capabilities' content='ocr_page ocr_carea ocr_par ocr_line ocrx_word'/>
</head>
<body>
  <div class='ocr_page' id='page_1' title='image "./carmina03home/carmina03home_0030.png"; bbox 0 0 1856 3282; ppageno 0'>
   <div class='ocr_carea' id='block_1_1' title="bbox 67 132 186 189">
    <p class='ocr_par' dir='ltr' id='par_1_1' title="bbox 67 132 186 189">
     <span class='ocr_line' id='line_1_1' title="bbox 67 132 186 189; baseline -0.017 0"><span class='ocrx_word' id='word_1_1' title='bbox 67 132 186 189; x_wconf 80' lang='lat'><em>&#39;28</em></span> 
     </span>
    </p>
   </div>
   <div class='ocr_carea' id='block_1_2' title="bbox 773 148 1169 190">
    <p class='ocr_par' dir='ltr' id='par_1_2' title="bbox 773 148 1169 190">
     <span class='ocr_line' id='line_1_2' title="bbox 773 148 1169 190; baseline 0 0"><span class='ocrx_word' id='word_1_2' title='bbox 773 148 1169 190; x_wconf 69' lang='grc' dir='ltr'><em>ΟΜΗΡΟΥ</em></span> 
     </span>
    </p>
   </div>
   <div class='ocr_carea' id='block_1_3' title="bbox 294 252 1390 329">
    <p class='ocr_par' dir='ltr' id='par_1_3' title="bbox 294 252 1390 329">
     <span class='ocr_line' id='line_1_3' title="bbox 294 252 1390 329; baseline 0.005 -33.028"><span class='ocrx_word' id='word_1_3' title='bbox 294 252 494 308; x_wconf 81' lang='grc' dir='ltr'><strong><em>Ἀργείων</em></strong></span> <span class='ocrx_word' id='word_1_4' title='bbox 526 255 570 298; x_wconf 82' lang='grc' dir='ltr'><em>οἱ</em></span> <span class='ocrx_word' id='word_1_5' title='bbox 599 253 772 328; x_wconf 75' lang='grc' dir='ltr'><em>ᾇριστοι</em></span> <span class='ocrx_word' id='word_1_6' title='bbox 801 255 907 312; x_wconf 88' lang='grc' dir='ltr'><em>ε’βαν</em></span> <span class='ocrx_word' id='word_1_7' title='bbox 930 257 1133 327; x_wconf 83' lang='grc' dir='ltr'><em>κοίλῃς’</em></span> <span class='ocrx_word' id='word_1_8' title='bbox 1116 258 1185 301; x_wconf 87' lang='grc' dir='ltr'><em>επὶ</em></span> <span class='ocrx_word' id='word_1_9' title='bbox 1211 259 1390 329; x_wconf 84' lang='grc' dir='ltr'><em>νηυσίν·</em></span> 
     </span>
    </p>
   </div>
   <div class='ocr_carea' id='block_1_4' title="bbox 303 307 675 355">
    <p class='ocr_par' dir='ltr' id='par_1_4' title="bbox 303 307 675 355">
     <span class='ocr_line' id='line_1_4' title="bbox 303 307 675 355; baseline 0.006 -3"><span class='ocrx_word' id='word_1_10' title='bbox 303 309 351 352; x_wconf 81' lang='grc' dir='ltr'><em>ἐκ</em></span> <span class='ocrx_word' id='word_1_11' title='bbox 379 314 459 354; x_wconf 88' lang='grc' dir='ltr'><em>τοῦ</em></span> <span class='ocrx_word' id='word_1_12' title='bbox 489 307 532 355; x_wconf 86' lang='grc' dir='ltr'><em>δ’</em></span> <span class='ocrx_word' id='word_1_13' title='bbox 565 309 675 354; x_wconf 81' lang='grc' dir='ltr'><em>οὔτ’</em></span> 
     </span>
    </p>
   </div>
   <div class='ocr_carea' id='block_1_5' title="bbox 700 310 1631 371">
    <p class='ocr_par' dir='ltr' id='par_1_5' title="bbox 700 310 1631 371">
     <span class='ocr_line' id='line_1_5' title="bbox 700 310 1631 371; baseline 0.003 -16.042"><span class='ocrx_word' id='word_1_14' title='bbox 700 310 895 369; x_wconf 83' lang='grc' dir='ltr'><em>Ὀδυσῆα</em></span> <span class='ocrx_word' id='word_1_15' title='bbox 924 312 1034 368; x_wconf 73' lang='grc' dir='ltr'><em>ἐγὼν</em></span> <span class='ocrx_word' id='word_1_16' title='bbox 1063 315 1187 366; x_wconf 82' lang='grc' dir='ltr'><em>ἴδον,</em></span> <span class='ocrx_word' id='word_1_17' title='bbox 1217 314 1313 357; x_wconf 83' lang='grc' dir='ltr'><em>οὔτ’</em></span> <span class='ocrx_word' id='word_1_18' title='bbox 1345 314 1417 371; x_wconf 79' lang='grc' dir='ltr'><em>ἐμὲ</em></span> <span class='ocrx_word' id='word_1_19' title='bbox 1445 319 1631 366; x_wconf 76' lang='grc' dir='ltr'><em>κεῖνος.“</em></span> 
     </span>
    </p>
   </div>
   <div class='ocr_carea' id='block_1_6' title="bbox 347 410 1564 552">
    <p class='ocr_par' dir='ltr' id='par_1_6' title="bbox 347 410 1541 538">
     <span class='ocr_line' id='line_1_6' title="bbox 347 410 1508 457; baseline 0.004 -12"><span class='ocrx_word' id='word_1_20' title='bbox 347 410 588 457; x_wconf 83' lang='lat' dir='ltr'><strong>colloquuntur</strong></span> <span class='ocrx_word' id='word_1_21' title='bbox 612 411 702 446; x_wconf 86' lang='lat' dir='ltr'><strong>inter</strong></span> <span class='ocrx_word' id='word_1_22' title='bbox 725 424 764 447; x_wconf 83' lang='lat' dir='ltr'><em>se</em></span> <span class='ocrx_word' id='word_1_23' title='bbox 788 413 1003 449; x_wconf 81' lang='lat' dir='ltr'>familiariter</span> <span class='ocrx_word' id='word_1_24' title='bbox 1029 415 1258 449; x_wconf 82' lang='lat' dir='ltr'><strong>Telemachus</strong></span> <span class='ocrx_word' id='word_1_25' title='bbox 1281 419 1316 449; x_wconf 86' lang='lat' dir='ltr'><em>et</em></span> <span class='ocrx_word' id='word_1_26' title='bbox 1339 415 1508 451; x_wconf 81' lang='lat' dir='ltr'><strong>Minerva.</strong></span> 
     </span>
     <span class='ocr_line' id='line_1_7' title="bbox 379 473 1564 552; baseline 0.005 -31"><span class='ocrx_word' id='word_1_27' title='bbox 379 478 470 534; x_wconf 74' lang='grc' dir='ltr'><em>Τήν</em></span> <span class='ocrx_word' id='word_1_28' title='bbox 501 479 543 522; x_wconf 83' lang='grc' dir='ltr'><em>δ’</em></span> <span class='ocrx_word' id='word_1_29' title='bbox 576 473 634 522; x_wconf 78' lang='grc' dir='ltr'><em>αὖ</em></span> <span class='ocrx_word' id='word_1_30' title='bbox 668 480 917 537; x_wconf 85' lang='grc' dir='ltr'><em>Τηλέμαχος</em></span> <span class='ocrx_word' id='word_1_31' title='bbox 945 482 1219 537; x_wconf 84' lang='grc' dir='ltr'><em>πεπνυμένος</em></span> <span class='ocrx_word' id='word_1_32' title='bbox 1248 480 1398 525; x_wconf 75' lang='grc' dir='ltr'><em>ἀντίον</em></span> <span class='ocrx_word' id='word_1_33' title='bbox 1425 483 1564 552; x_wconf 80' lang='grc' dir='ltr'><em>ηὔδα·</em></span> 
     </span>
    </p>
   </div>
   <div class='ocr_carea' id='block_1_7' title="bbox 180 535 1527 665">
    <p class='ocr_par' dir='ltr' id='par_1_7' title="bbox 180 535 1527 650">
     <span class='ocr_line' id='line_1_8' title="bbox 295 535 1527 611; baseline 0.004 -34"><span class='ocrx_word' id='word_1_34' title='bbox 295 536 478 604; x_wconf 77' lang='grc' dir='ltr'><em>,,τοιγάρ</em></span> <span class='ocrx_word' id='word_1_35' title='bbox 503 535 593 605; x_wconf 80' lang='grc' dir='ltr'><em>ε’γιό</em></span> <span class='ocrx_word' id='word_1_36' title='bbox 627 552 717 589; x_wconf 90' lang='grc' dir='ltr'><em>τοι,</em></span> <span class='ocrx_word' id='word_1_37' title='bbox 746 539 876 589; x_wconf 81' lang='grc' dir='ltr'><em>ξεῖνε,</em></span> <span class='ocrx_word' id='word_1_38' title='bbox 906 538 1012 592; x_wconf 86' lang='grc' dir='ltr'><em>μάλ’</em></span> <span class='ocrx_word' id='word_1_39' title='bbox 1047 538 1258 592; x_wconf 82' lang='grc' dir='ltr'><em>α’τρεκέως</em></span> <span class='ocrx_word' id='word_1_40' title='bbox 1287 538 1527 611; x_wconf 76' lang='grc' dir='ltr'><em>ἀγορεύσω.</em></span> 
     </span>
     <span class='ocr_line' id='line_1_9' title="bbox 180 590 1499 665; baseline 0.003 -31"><span class='ocrx_word' id='word_1_41' title='bbox 180 592 263 635; x_wconf 88' lang='grc'><em>215</em></span> <span class='ocrx_word' id='word_1_42' title='bbox 291 590 432 659; x_wconf 81' lang='grc' dir='ltr'><strong><em>μήτηρ</em></strong></span> <span class='ocrx_word' id='word_1_43' title='bbox 462 591 541 646; x_wconf 82' lang='grc' dir='ltr'><em>μέν</em></span> <span class='ocrx_word' id='word_1_44' title='bbox 569 592 614 635; x_wconf 85' lang='grc' dir='ltr'><em>τέ</em></span> <span class='ocrx_word' id='word_1_45' title='bbox 643 593 694 661; x_wconf 88' lang='grc' dir='ltr'><em>με’</em></span> <span class='ocrx_word' id='word_1_46' title='bbox 725 605 833 648; x_wconf 85' lang='grc' dir='ltr'><em>φησι</em></span> <span class='ocrx_word' id='word_1_47' title='bbox 859 598 940 637; x_wconf 85' lang='grc' dir='ltr'><em>τοῦ</em></span> <span class='ocrx_word' id='word_1_48' title='bbox 952 594 1173 665; x_wconf 73' lang='grc' dir='ltr'><em>ἔμμεναι,</em></span> <span class='ocrx_word' id='word_1_49' title='bbox 1205 593 1343 648; x_wconf 76' lang='grc' dir='ltr'><em>αὐτὰρ</em></span> <span class='ocrx_word' id='word_1_50' title='bbox 1367 596 1499 664; x_wconf 78' lang='grc' dir='ltr'><em>ἔγωγε</em></span> 
     </span>
    </p>
   </div>
   <div class='ocr_carea' id='block_1_8' title="bbox 295 645 518 691">
    <p class='ocr_par' dir='ltr' id='par_1_8' title="bbox 295 645 518 691">
     <span class='ocr_line' id='line_1_10' title="bbox 295 645 518 691; baseline 0.011 -2"><span class='ocrx_word' id='word_1_51' title='bbox 295 646 380 690; x_wconf 80' lang='grc' dir='ltr'><em>οὐκ</em></span> <span class='ocrx_word' id='word_1_52' title='bbox 410 645 518 691; x_wconf 81' lang='grc' dir='ltr'><em>οἷδ’·</em></span> 
     </span>
    </p>
   </div>
   <div class='ocr_carea' id='block_1_9' title="bbox 550 649 1555 719">
    <p class='ocr_par' dir='ltr' id='par_1_9' title="bbox 550 649 1555 719">
     <span class='ocr_line' id='line_1_11' title="bbox 550 649 1555 719; baseline 0.003 -28"><span class='ocrx_word' id='word_1_53' title='bbox 550 664 604 691; x_wconf 79' lang='lat' dir='ltr'><em>ov</em></span> <span class='ocrx_word' id='word_1_54' title='bbox 634 665 734 703; x_wconf 70' lang='grc' dir='ltr'><em>γαρ</em></span> <span class='ocrx_word' id='word_1_55' title='bbox 749 667 816 692; x_wconf 81' lang='grc' dir='ltr'><em>πω</em></span> <span class='ocrx_word' id='word_1_56' title='bbox 851 667 915 701; x_wconf 78' lang='grc' dir='ltr'><em>τις</em></span> <span class='ocrx_word' id='word_1_57' title='bbox 944 649 1018 693; x_wconf 73' lang='lat'>50²1</span> <span class='ocrx_word' id='word_1_58' title='bbox 1045 668 1182 719; x_wconf 72' lang='grc' dir='ltr'><em>γονον</em></span> <span class='ocrx_word' id='word_1_59' title='bbox 1213 650 1345 701; x_wconf 74' lang='grc' dir='ltr'><strong><em>αυΐὸς</em></strong></span> <span class='ocrx_word' id='word_1_60' title='bbox 1375 651 1555 706; x_wconf 68' lang='grc' dir='ltr'><em>ανὲγνω</em></span> 
     </span>
    </p>
   </div>
   <div class='ocr_carea' id='block_1_10' title="bbox 179 702 1628 989">
    <p class='ocr_par' dir='ltr' id='par_1_10' title="bbox 179 702 1628 989">
     <span class='ocr_line' id='line_1_12' title="bbox 295 702 1554 773; baseline 0.004 -27"><span class='ocrx_word' id='word_1_61' title='bbox 295 702 355 754; x_wconf 78' lang='grc' dir='ltr'><em>ὠς</em></span> <span class='ocrx_word' id='word_1_62' title='bbox 387 705 439 760; x_wconf 83' lang='grc' dir='ltr'><em>δη</em></span> <span class='ocrx_word' id='word_1_63' title='bbox 471 703 598 773; x_wconf 77' lang='grc' dir='ltr'><em>ἔγωγ’</em></span> <span class='ocrx_word' id='word_1_64' title='bbox 634 705 797 758; x_wconf 83' lang='grc' dir='ltr'><em>ὄφελον</em></span> <span class='ocrx_word' id='word_1_65' title='bbox 826 707 1024 761; x_wconf 81' lang='grc' dir='ltr'><em>μάκαρός</em></span> <span class='ocrx_word' id='word_1_66' title='bbox 1055 707 1113 751; x_wconf 80' lang='grc' dir='ltr'><em>νύ</em></span> <span class='ocrx_word' id='word_1_67' title='bbox 1143 724 1217 751; x_wconf 88' lang='grc' dir='ltr'><em>τευ</em></span> <span class='ocrx_word' id='word_1_68' title='bbox 1247 708 1426 761; x_wconf 73' lang='grc' dir='ltr'><em>ἔμμεναι</em></span> <span class='ocrx_word' id='word_1_69' title='bbox 1455 708 1554 760; x_wconf 81' lang='grc' dir='ltr'><em>υἷος</em></span> 
     </span>
     <span class='ocr_line' id='line_1_13' title="bbox 292 757 1449 830; baseline 0.003 -29"><span class='ocrx_word' id='word_1_70' title='bbox 292 757 450 830; x_wconf 83' lang='grc' dir='ltr'><em>α’νέρος</em></span> <span class='ocrx_word' id='word_1_71' title='bbox 470 792 480 809; x_wconf 93' lang='grc'><em>,</em></span> <span class='ocrx_word' id='word_1_72' title='bbox 511 760 565 803; x_wconf 88' lang='grc' dir='ltr'><em>ὸν</em></span> <span class='ocrx_word' id='word_1_73' title='bbox 594 762 840 805; x_wconf 80' lang='grc' dir='ltr'><em>κτεάτεσσιν</em></span> <span class='ocrx_word' id='word_1_74' title='bbox 870 763 959 814; x_wconf 79' lang='grc' dir='ltr'><em>ἑοῖς</em></span> <span class='ocrx_word' id='word_1_75' title='bbox 989 765 1058 807; x_wconf 77' lang='grc' dir='ltr'><em>ἔπι</em></span> <span class='ocrx_word' id='word_1_76' title='bbox 1086 769 1223 821; x_wconf 80' lang='grc' dir='ltr'><em>γῆρας</em></span> <span class='ocrx_word' id='word_1_77' title='bbox 1252 765 1449 817; x_wconf 72' lang='grc' dir='ltr'><em>ἔτετμεν.Ι</em></span> 
     </span>
     <span class='ocr_line' id='line_1_14' title="bbox 291 813 1561 890; baseline 0.003 -32"><span class='ocrx_word' id='word_1_78' title='bbox 291 821 378 858; x_wconf 86' lang='grc' dir='ltr'><em>νῦν</em></span> <span class='ocrx_word' id='word_1_79' title='bbox 408 813 450 889; x_wconf 55' lang='grc' dir='ltr'>δῖ</span> <span class='ocrx_word' id='word_1_80' title='bbox 463 849 474 869; x_wconf 90' lang='grc'><em>,</em></span> <span class='ocrx_word' id='word_1_81' title='bbox 505 816 555 868; x_wconf 83' lang='grc' dir='ltr'><em>ὃς</em></span> <span class='ocrx_word' id='word_1_82' title='bbox 585 815 885 872; x_wconf 73' lang='grc' dir='ltr'><strong><em>ἀποτμότατος</em></strong></span> <span class='ocrx_word' id='word_1_83' title='bbox 912 820 1059 875; x_wconf 80' lang='grc' dir='ltr'><em>γένετο</em></span> <span class='ocrx_word' id='word_1_84' title='bbox 1090 824 1269 890; x_wconf 77' lang='grc' dir='ltr'><em>θνητῶν</em></span> <span class='ocrx_word' id='word_1_85' title='bbox 1300 819 1561 874; x_wconf 82' lang='grc' dir='ltr'><em>ἀνθρωπων,</em></span> 
     </span>
     <span class='ocr_line' id='line_1_15' title="bbox 179 872 1628 932; baseline 0.003 -17"><span class='ocrx_word' id='word_1_86' title='bbox 179 876 262 916; x_wconf 87' lang='grc'><em>220</em></span> <span class='ocrx_word' id='word_1_87' title='bbox 292 876 374 916; x_wconf 86' lang='grc' dir='ltr'><em>τοῦ</em></span> <span class='ocrx_word' id='word_1_88' title='bbox 399 872 446 927; x_wconf 89' lang='grc' dir='ltr'><em>μ’</em></span> <span class='ocrx_word' id='word_1_89' title='bbox 479 872 525 916; x_wconf 79' lang='grc' dir='ltr'><em>ἔκ</em></span> <span class='ocrx_word' id='word_1_90' title='bbox 555 886 665 931; x_wconf 86' lang='grc' dir='ltr'><em>φασι</em></span> <span class='ocrx_word' id='word_1_91' title='bbox 693 876 918 930; x_wconf 81' lang='grc' dir='ltr'><em>γενέσθαι,</em></span> <span class='ocrx_word' id='word_1_92' title='bbox 951 876 1040 920; x_wconf 81' lang='grc' dir='ltr'><em>ἐπεὶ</em></span> <span class='ocrx_word' id='word_1_93' title='bbox 1072 877 1126 921; x_wconf 92' lang='grc' dir='ltr'><em>σύ</em></span> <span class='ocrx_word' id='word_1_94' title='bbox 1155 894 1207 932; x_wconf 91' lang='grc' dir='ltr'><em>με</em></span> <span class='ocrx_word' id='word_1_95' title='bbox 1238 875 1359 920; x_wconf 83' lang='grc' dir='ltr'><em>τοῦτ’</em></span> <span class='ocrx_word' id='word_1_96' title='bbox 1393 877 1628 931; x_wconf 80' lang='grc' dir='ltr'><em>ἐρεείνεις.“</em></span> 
     </span>
     <span class='ocr_line' id='line_1_16' title="bbox 375 927 1532 989; baseline 0.005 -18"><span class='ocrx_word' id='word_1_97' title='bbox 375 929 463 972; x_wconf 84' lang='grc' dir='ltr'><em>Τόν</em></span> <span class='ocrx_word' id='word_1_98' title='bbox 494 927 538 973; x_wconf 83' lang='grc' dir='ltr'><em>δ’</em></span> <span class='ocrx_word' id='word_1_99' title='bbox 571 932 676 973; x_wconf 87' lang='grc' dir='ltr'><em>αὐτε</em></span> <span class='ocrx_word' id='word_1_100' title='bbox 705 932 933 985; x_wconf 83' lang='grc' dir='ltr'><em>προσέειπε</em></span> <span class='ocrx_word' id='word_1_101' title='bbox 962 933 1046 976; x_wconf 82' lang='grc' dir='ltr'><em>θεὰ</em></span> <span class='ocrx_word' id='word_1_102' title='bbox 1074 937 1323 989; x_wconf 87' lang='grc' dir='ltr'><em>γλαυκωπις</em></span> <span class='ocrx_word' id='word_1_103' title='bbox 1349 932 1532 989; x_wconf 80' lang='grc' dir='ltr'><em>Ἀθήνη·</em></span> 
     </span>
    </p>
   </div>
   <div class='ocr_carea' id='block_1_11' title="bbox 179 983 1634 1326">
    <p class='ocr_par' dir='ltr' id='par_1_11' title="bbox 289 983 1460 1156">
     <span class='ocr_line' id='line_1_17' title="bbox 295 983 1432 1056; baseline 0.005 -29"><span class='ocrx_word' id='word_1_104' title='bbox 295 983 378 1037; x_wconf 84' lang='grc' dir='ltr'><em>,,οὐ</em></span> <span class='ocrx_word' id='word_1_105' title='bbox 410 985 489 1040; x_wconf 83' lang='grc' dir='ltr'><em>μέν</em></span> <span class='ocrx_word' id='word_1_106' title='bbox 518 1002 587 1029; x_wconf 91' lang='grc' dir='ltr'><em>τοι</em></span> <span class='ocrx_word' id='word_1_107' title='bbox 615 987 767 1056; x_wconf 84' lang='grc' dir='ltr'><em>γενεήν</em></span> <span class='ocrx_word' id='word_1_108' title='bbox 800 1005 848 1042; x_wconf 92' lang='grc' dir='ltr'><em>γε</em></span> <span class='ocrx_word' id='word_1_109' title='bbox 877 991 974 1032; x_wconf 84' lang='grc' dir='ltr'><em>θεοὶ</em></span> <span class='ocrx_word' id='word_1_110' title='bbox 1004 991 1241 1043; x_wconf 78' lang='grc' dir='ltr'><em>νώνυμνον</em></span> <span class='ocrx_word' id='word_1_111' title='bbox 1267 990 1432 1033; x_wconf 81' lang='grc' dir='ltr'><em>ὀπίσσω</em></span> 
     </span>
     <span class='ocr_line' id='line_1_18' title="bbox 290 1042 1402 1102; baseline 0.006 -19"><span class='ocrx_word' id='word_1_112' title='bbox 290 1045 455 1096; x_wconf 82' lang='grc' dir='ltr'><em>θῆκαν,</em></span> <span class='ocrx_word' id='word_1_113' title='bbox 487 1042 576 1086; x_wconf 77' lang='grc' dir='ltr'><em>ἐπεὶ</em></span> <span class='ocrx_word' id='word_1_114' title='bbox 606 1043 701 1097; x_wconf 84' lang='grc' dir='ltr'><em>σέγε</em></span> <span class='ocrx_word' id='word_1_115' title='bbox 731 1050 855 1087; x_wconf 87' lang='grc' dir='ltr'><em>τοῖον</em></span> <span class='ocrx_word' id='word_1_116' title='bbox 884 1046 1076 1101; x_wconf 77' lang='grc' dir='ltr'><em>ἐγείνατο</em></span> <span class='ocrx_word' id='word_1_117' title='bbox 1113 1047 1402 1102; x_wconf 82' lang='grc' dir='ltr'><em>Πηνελόπεια.</em></span> 
     </span>
     <span class='ocr_line' id='line_1_19' title="bbox 289 1097 1485 1156; baseline 0.004 -16"><span class='ocrx_word' id='word_1_118' title='bbox 289 1097 387 1141; x_wconf 83' lang='grc' dir='ltr'><em>ἀλλ’</em></span> <span class='ocrx_word' id='word_1_119' title='bbox 420 1098 495 1153; x_wconf 79' lang='grc' dir='ltr'><em>ἄγε</em></span> <span class='ocrx_word' id='word_1_120' title='bbox 527 1116 603 1154; x_wconf 89' lang='grc' dir='ltr'><em>μοι</em></span> <span class='ocrx_word' id='word_1_121' title='bbox 632 1100 732 1143; x_wconf 80' lang='grc' dir='ltr'><em>τόδε</em></span> <span class='ocrx_word' id='word_1_122' title='bbox 759 1102 849 1145; x_wconf 82' lang='grc' dir='ltr'><em>εἰπὲ</em></span> <span class='ocrx_word' id='word_1_123' title='bbox 879 1103 953 1145; x_wconf 75' lang='grc' dir='ltr'><em>καὶ</em></span> <span class='ocrx_word' id='word_1_124' title='bbox 984 1102 1198 1156; x_wconf 85' lang='grc' dir='ltr'><em>ατρεκέως</em></span> <span class='ocrx_word' id='word_1_125' title='bbox 1227 1104 1485 1155; x_wconf 81' lang='grc' dir='ltr'><em>κατάλεξον·</em></span> 
     </span>
    </p>

    <p class='ocr_par' dir='ltr' id='par_1_12' title="bbox 179 1155 1634 1326">
     <span class='ocr_line' id='line_1_20' title="bbox 179 1155 1634 1213; baseline 0.003 -17"><span class='ocrx_word' id='word_1_126' title='bbox 179 1156 261 1198; x_wconf 83' lang='grc'><em>225</em></span> <span class='ocrx_word' id='word_1_127' title='bbox 291 1155 355 1205; x_wconf 90' lang='grc' dir='ltr'><em>τίς</em></span> <span class='ocrx_word' id='word_1_128' title='bbox 385 1156 500 1207; x_wconf 82' lang='grc' dir='ltr'><em>δαὶς,</em></span> <span class='ocrx_word' id='word_1_129' title='bbox 531 1157 596 1206; x_wconf 88' lang='grc' dir='ltr'><em>τίς</em></span> <span class='ocrx_word' id='word_1_130' title='bbox 626 1157 672 1199; x_wconf 79' lang='grc' dir='ltr'><em>δὲ</em></span> <span class='ocrx_word' id='word_1_131' title='bbox 702 1157 853 1211; x_wconf 85' lang='grc' dir='ltr'><em>ὅμιλος</em></span> <span class='ocrx_word' id='word_1_132' title='bbox 884 1158 961 1202; x_wconf 80' lang='grc' dir='ltr'><em>ὅδ’</em></span> <span class='ocrx_word' id='word_1_133' title='bbox 994 1160 1167 1208; x_wconf 82' lang='grc' dir='ltr'><em>ε’πλετο;</em></span> <span class='ocrx_word' id='word_1_134' title='bbox 1197 1162 1315 1203; x_wconf 84' lang='grc' dir='ltr'><em>τίπτε</em></span> <span class='ocrx_word' id='word_1_135' title='bbox 1346 1160 1392 1202; x_wconf 85' lang='grc' dir='ltr'><em>δέ</em></span> <span class='ocrx_word' id='word_1_136' title='bbox 1423 1171 1469 1202; x_wconf 88' lang='grc' dir='ltr'><em>σε</em></span> <span class='ocrx_word' id='word_1_137' title='bbox 1500 1156 1634 1213; x_wconf 70' lang='grc' dir='ltr'><em>χρεῶς</em></span> 
     </span>
     <span class='ocr_line' id='line_1_21' title="bbox 292 1210 1556 1272; baseline 0.005 -20"><span class='ocrx_word' id='word_1_138' title='bbox 292 1212 492 1271; x_wconf 86' lang='grc' dir='ltr'><em>εἰλαπίνη</em></span> <span class='ocrx_word' id='word_1_139' title='bbox 521 1210 569 1266; x_wconf 78' lang='grc' dir='ltr'><em>ἠὲ</em></span> <span class='ocrx_word' id='word_1_140' title='bbox 599 1212 762 1267; x_wconf 82' lang='grc' dir='ltr'><em>γάμος,</em></span> <span class='ocrx_word' id='word_1_141' title='bbox 790 1215 880 1257; x_wconf 61' lang='lat' dir='ltr'><em>{aaz</em></span> <span class='ocrx_word' id='word_1_142' title='bbox 912 1214 994 1258; x_wconf 77' lang='grc' dir='ltr'><em>οὐκ</em></span> <span class='ocrx_word' id='word_1_143' title='bbox 1023 1217 1179 1270; x_wconf 88' lang='grc' dir='ltr'><em>ε’ρανος</em></span> <span class='ocrx_word' id='word_1_144' title='bbox 1208 1216 1313 1260; x_wconf 87' lang='grc' dir='ltr'><em>ταδε</em></span> <span class='ocrx_word' id='word_1_145' title='bbox 1343 1216 1385 1272; x_wconf 84' lang='grc' dir='ltr'><em>γ’</em></span> <span class='ocrx_word' id='word_1_146' title='bbox 1419 1217 1556 1260; x_wconf 81' lang='grc' dir='ltr'><em>ἐστίν·</em></span> 
     </span>
     <span class='ocr_line' id='line_1_22' title="bbox 288 1267 1334 1326; baseline 0.005 -17"><span class='ocrx_word' id='word_1_147' title='bbox 288 1267 396 1310; x_wconf 87' lang='grc' dir='ltr'><em>ω’στε</em></span> <span class='ocrx_word' id='word_1_148' title='bbox 427 1284 502 1322; x_wconf 88' lang='grc' dir='ltr'><em>μοι</em></span> <span class='ocrx_word' id='word_1_149' title='bbox 535 1267 785 1323; x_wconf 76' lang='grc' dir='ltr'><em>ὑβρίζοντες</em></span> <span class='ocrx_word' id='word_1_150' title='bbox 814 1272 1098 1326; x_wconf 80' lang='grc' dir='ltr'><em>ὑπερφιάλως</em></span> <span class='ocrx_word' id='word_1_151' title='bbox 1130 1273 1334 1316; x_wconf 80' lang='grc' dir='ltr'><em>δοκέουσι</em></span> 
     </span>
    </p>
   </div>
   <div class='ocr_carea' id='block_1_12' title="bbox 289 1325 832 1393">
    <p class='ocr_par' dir='ltr' id='par_1_13' title="bbox 289 1325 832 1393">
     <span class='ocr_line' id='line_1_23' title="bbox 289 1325 832 1393; baseline 0.006 -28"><span class='ocrx_word' id='word_1_152' title='bbox 289 1325 527 1366; x_wconf 82' lang='grc' dir='ltr'><em>δαίνυσθαι</em></span> <span class='ocrx_word' id='word_1_153' title='bbox 558 1326 668 1366; x_wconf 79' lang='grc' dir='ltr'><em>κατα</em></span> <span class='ocrx_word' id='word_1_154' title='bbox 698 1329 832 1393; x_wconf 75' lang='grc' dir='ltr'><em>δῶμα.</em></span> 
     </span>
    </p>
   </div>
   <div class='ocr_carea' id='block_1_13' title="bbox 891 1328 1469 1384">
    <p class='ocr_par' dir='ltr' id='par_1_14' title="bbox 891 1328 1469 1384">
     <span class='ocr_line' id='line_1_24' title="bbox 891 1328 1469 1384; baseline 0 -15"><span class='ocrx_word' id='word_1_155' title='bbox 891 1328 1201 1384; x_wconf 70' lang='grc' dir='ltr'>ῬεμξσσΥσαιῖΟ</span> <span class='ocrx_word' id='word_1_156' title='bbox 1232 1345 1307 1372; x_wconf 74' lang='grc' dir='ltr'><em>κεν</em></span> <span class='ocrx_word' id='word_1_157' title='bbox 1341 1345 1469 1382; x_wconf 74' lang='grc' dir='ltr'><em>ανΥρ,</em></span> 
     </span>
    </p>
   </div>
   <div class='ocr_carea' id='block_1_14' title="bbox 293 1379 1505 1442">
    <p class='ocr_par' dir='ltr' id='par_1_15' title="bbox 293 1379 1505 1442">
     <span class='ocr_line' id='line_1_25' title="bbox 293 1379 1505 1442; baseline 0.006 -20"><span class='ocrx_word' id='word_1_158' title='bbox 293 1380 441 1436; x_wconf 84' lang='grc' dir='ltr'><em>αὶσχεα</em></span> <span class='ocrx_word' id='word_1_159' title='bbox 470 1379 597 1424; x_wconf 86' lang='grc' dir='ltr'><em>πόλλ’</em></span> <span class='ocrx_word' id='word_1_160' title='bbox 628 1379 800 1438; x_wconf 82' lang='grc' dir='ltr'><em>ὁρόων,</em></span> <span class='ocrx_word' id='word_1_161' title='bbox 831 1383 950 1436; x_wconf 83' lang='grc' dir='ltr'><em>ὅστις</em></span> <span class='ocrx_word' id='word_1_162' title='bbox 978 1385 1156 1437; x_wconf 84' lang='grc' dir='ltr'><em>πινυτός</em></span> <span class='ocrx_word' id='word_1_163' title='bbox 1185 1401 1232 1442; x_wconf 90' lang='grc' dir='ltr'><em>γε</em></span> <span class='ocrx_word' id='word_1_164' title='bbox 1258 1386 1467 1442; x_wconf 81' lang='grc' dir='ltr'><em>μετέλθοι</em></span> <span class='ocrx_word' id='word_1_165' title='bbox 1479 1386 1505 1409; x_wconf 90' lang='lat'><strong>“</strong></span> 
     </span>
    </p>
   </div>
   <div class='ocr_carea' id='block_1_15' title="bbox 112 1525 923 1847">
    <p class='ocr_par' dir='ltr' id='par_1_16' title="bbox 112 1525 923 1842">
     <span class='ocr_line' id='line_1_26' title="bbox 115 1525 922 1578; baseline 0.011 -20"><span class='ocrx_word' id='word_1_166' title='bbox 115 1537 185 1559; x_wconf 70' lang='lat' dir='ltr'><em>xvv</em></span> <span class='ocrx_word' id='word_1_167' title='bbox 221 1525 348 1570; x_wconf 77' lang='grc' dir='ltr'><em>ἵμερον</em></span> <span class='ocrx_word' id='word_1_168' title='bbox 382 1527 513 1573; x_wconf 75' lang='grc' dir='ltr'><em>ἔμβαλε</em></span> <span class='ocrx_word' id='word_1_169' title='bbox 546 1532 660 1578; x_wconf 70' lang='grc' dir='ltr'><em>θυμοῖ</em></span> <span class='ocrx_word' id='word_1_170' title='bbox 683 1529 836 1576; x_wconf 80' lang='grc' dir='ltr'><em>Ἀνδρός-</em></span> <span class='ocrx_word' id='word_1_171' title='bbox 863 1545 922 1567; x_wconf 88' lang='lat' dir='ltr'><em>eo-</em></span> 
     </span>
     <span class='ocr_line' id='line_1_27' title="bbox 116 1568 922 1620; baseline 0.014 -17"><span class='ocrx_word' id='word_1_172' title='bbox 116 1571 192 1604; x_wconf 87' lang='lat' dir='ltr'><em>dem</em></span> <span class='ocrx_word' id='word_1_173' title='bbox 217 1584 317 1607; x_wconf 88' lang='lat' dir='ltr'><strong>sensu</strong></span> <span class='ocrx_word' id='word_1_174' title='bbox 342 1574 471 1608; x_wconf 76' lang='lat' dir='ltr'><strong>dicitur</strong></span> <span class='ocrx_word' id='word_1_175' title='bbox 495 1568 664 1620; x_wconf 83' lang='grc' dir='ltr'><em>τιθέναι,</em></span> <span class='ocrx_word' id='word_1_176' title='bbox 702 1580 799 1612; x_wconf 62' lang='lat' dir='ltr'><strong>zelut</strong></span> <span class='ocrx_word' id='word_1_177' title='bbox 823 1581 922 1614; x_wconf 74' lang='lat'>326:</span> 
     </span>
     <span class='ocr_line' id='line_1_28' title="bbox 113 1615 923 1675; baseline 0.011 -25"><span class='ocrx_word' id='word_1_178' title='bbox 113 1618 167 1662; x_wconf 79' lang='grc' dir='ltr'><em>τῷ</em></span> <span class='ocrx_word' id='word_1_179' title='bbox 203 1615 240 1653; x_wconf 87' lang='lat'><em>6&#39;</em></span> <span class='ocrx_word' id='word_1_180' title='bbox 275 1618 329 1654; x_wconf 83' lang='grc' dir='ltr'><em>ἐνὶ</em></span> <span class='ocrx_word' id='word_1_181' title='bbox 368 1623 482 1675; x_wconf 79' lang='grc' dir='ltr'><em>θυμῷ</em></span> <span class='ocrx_word' id='word_1_182' title='bbox 516 1624 614 1667; x_wconf 74' lang='grc' dir='ltr'><em>Θηκε</em></span> <span class='ocrx_word' id='word_1_183' title='bbox 645 1623 754 1667; x_wconf 69' lang='grc' dir='ltr'><em>μένος</em></span> <span class='ocrx_word' id='word_1_184' title='bbox 785 1632 850 1658; x_wconf 83' lang='lat' dir='ltr'><em>etc</em></span> <span class='ocrx_word' id='word_1_185' title='bbox 877 1643 923 1650; x_wconf 89' lang='lat'>—</span> 
     </span>
     <span class='ocr_line' id='line_1_29' title="bbox 115 1652 923 1713; baseline 0.009 -16"><span class='ocrx_word' id='word_1_186' title='bbox 115 1652 314 1699; x_wconf 80' lang='grc' dir='ltr'><em>οἰωνῶν</em></span> <span class='ocrx_word' id='word_1_187' title='bbox 339 1666 467 1712; x_wconf 78' lang='grc' dir='ltr'><em>σάφα</em></span> <span class='ocrx_word' id='word_1_188' title='bbox 502 1669 662 1713; x_wconf 74' lang='grc' dir='ltr'><em>εἰδώς,</em></span> <span class='ocrx_word' id='word_1_189' title='bbox 699 1672 815 1704; x_wconf 79' lang='lat' dir='ltr'><strong>avium</strong></span> <span class='ocrx_word' id='word_1_190' title='bbox 847 1670 923 1705; x_wconf 80' lang='lat' dir='ltr'><strong>sive</strong></span> 
     </span>
     <span class='ocr_line' id='line_1_30' title="bbox 114 1709 920 1760; baseline 0.009 -17"><span class='ocrx_word' id='word_1_191' title='bbox 114 1709 252 1754; x_wconf 84' lang='lat' dir='ltr'><strong>augurii</strong></span> <span class='ocrx_word' id='word_1_192' title='bbox 273 1714 377 1755; x_wconf 82' lang='lat' dir='ltr'><strong>probe</strong></span> <span class='ocrx_word' id='word_1_193' title='bbox 400 1726 544 1757; x_wconf 72' lang='lat' dir='ltr'><strong>gnarus,</strong></span> <span class='ocrx_word' id='word_1_194' title='bbox 569 1728 680 1760; x_wconf 84' lang='lat' dir='ltr'><strong>neque</strong></span> <span class='ocrx_word' id='word_1_195' title='bbox 704 1724 835 1756; x_wconf 71' lang='lat' dir='ltr'><strong>vatem.</strong></span> <span class='ocrx_word' id='word_1_196' title='bbox 863 1729 920 1750; x_wconf 93' lang='lat' dir='ltr'><em>ne-</em></span> 
     </span>
     <span class='ocr_line' id='line_1_31' title="bbox 113 1761 919 1806; baseline 0.012 -18"><span class='ocrx_word' id='word_1_197' title='bbox 113 1767 181 1800; x_wconf 88' lang='lat' dir='ltr'><em>que</em></span> <span class='ocrx_word' id='word_1_198' title='bbox 217 1768 380 1801; x_wconf 84' lang='lat' dir='ltr'>augurem</span> <span class='ocrx_word' id='word_1_199' title='bbox 407 1761 476 1803; x_wconf 89' lang='grc' dir='ltr'><strong>(ΙΙ.</strong></span> <span class='ocrx_word' id='word_1_200' title='bbox 502 1761 547 1802; x_wconf 90' lang='grc' dir='ltr'><em>α’,</em></span> <span class='ocrx_word' id='word_1_201' title='bbox 573 1764 630 1801; x_wconf 90' lang='grc'><em>69,</em></span> <span class='ocrx_word' id='word_1_202' title='bbox 658 1761 703 1806; x_wconf 86' lang='grc' dir='ltr'><em>β’,</em></span> <span class='ocrx_word' id='word_1_203' title='bbox 732 1765 797 1797; x_wconf 78' lang='grc'><em>859</em></span> <span class='ocrx_word' id='word_1_204' title='bbox 823 1770 887 1797; x_wconf 80' lang='lat' dir='ltr'><strong>etc.</strong></span> <span class='ocrx_word' id='word_1_205' title='bbox 898 1765 919 1806; x_wconf 84' lang='lat'><strong><em>)</em></strong></span> 
     </span>
     <span class='ocr_line' id='line_1_32' title="bbox 112 1804 919 1847; baseline 0.011 -13"><span class='ocrx_word' id='word_1_206' title='bbox 112 1812 151 1835; x_wconf 85' lang='lat' dir='ltr'><em>se</em></span> <span class='ocrx_word' id='word_1_207' title='bbox 186 1813 263 1836; x_wconf 87' lang='lat' dir='ltr'><strong>esse</strong></span> <span class='ocrx_word' id='word_1_208' title='bbox 288 1804 392 1847; x_wconf 88' lang='lat' dir='ltr'><strong>dicit;</strong></span> <span class='ocrx_word' id='word_1_209' title='bbox 428 1814 539 1840; x_wconf 79' lang='lat' dir='ltr'><strong>tamen</strong></span> <span class='ocrx_word' id='word_1_210' title='bbox 575 1809 850 1842; x_wconf 64' lang='lat' dir='ltr'><strong>vaticinatorum.</strong></span> <span class='ocrx_word' id='word_1_211' title='bbox 873 1829 919 1834; x_wconf 88' lang='lat'><em>——</em></span> 
     </span>
    </p>
   </div>
   <div class='ocr_carea' id='block_1_16' title="bbox 54 1846 917 1896">
    <p class='ocr_par' dir='ltr' id='par_1_17' title="bbox 54 1846 917 1896">
     <span class='ocr_line' id='line_1_33' title="bbox 54 1846 917 1896; baseline 0.019 -16"><span class='ocrx_word' id='word_1_212' title='bbox 54 1852 56 1860; x_wconf 72' lang='grc'>’</span> <span class='ocrx_word' id='word_1_213' title='bbox 113 1846 352 1894; x_wconf 80' lang='grc' dir='ltr'><em>δέσματα,</em></span> <span class='ocrx_word' id='word_1_214' title='bbox 391 1852 559 1895; x_wconf 84' lang='grc' dir='ltr'><em>δεσμούς.</em></span> <span class='ocrx_word' id='word_1_215' title='bbox 598 1853 659 1895; x_wconf 78' lang='grc' dir='ltr'><em>θ’,</em></span> <span class='ocrx_word' id='word_1_216' title='bbox 697 1857 783 1895; x_wconf 79' lang='grc'><em>278,</em></span> <span class='ocrx_word' id='word_1_217' title='bbox 811 1855 848 1887; x_wconf 84' lang='grc' dir='ltr'><em>ΙΙ</em></span> <span class='ocrx_word' id='word_1_218' title='bbox 876 1868 917 1896; x_wconf 70' lang='lat' dir='ltr'><em>Z,</em></span> 
     </span>
    </p>
   </div>
   <div class='ocr_carea' id='block_1_17' title="bbox 112 1893 918 2038">
    <p class='ocr_par' dir='ltr' id='par_1_18' title="bbox 112 1893 918 2038">
     <span class='ocr_line' id='line_1_34' title="bbox 112 1893 915 1944; baseline 0.008 -17"><span class='ocrx_word' id='word_1_219' title='bbox 112 1893 192 1928; x_wconf 81' lang='grc'><em>468.</em></span> <span class='ocrx_word' id='word_1_220' title='bbox 221 1896 264 1927; x_wconf 81' lang='lat' dir='ltr'><strong>cf.</strong></span> <span class='ocrx_word' id='word_1_221' title='bbox 289 1895 342 1938; x_wconf 80' lang='grc' dir='ltr'><em>θ’,</em></span> <span class='ocrx_word' id='word_1_222' title='bbox 369 1898 436 1933; x_wconf 80' lang='grc'><em>296</em></span> <span class='ocrx_word' id='word_1_223' title='bbox 462 1907 528 1932; x_wconf 89' lang='lat' dir='ltr'><strong>etc.</strong></span> <span class='ocrx_word' id='word_1_224' title='bbox 557 1920 596 1924; x_wconf 94' lang='lat'><em>—-</em></span> <span class='ocrx_word' id='word_1_225' title='bbox 625 1912 915 1944; x_wconf 81' lang='grc' dir='ltr'><em>φρασσετ,αι</em></span> 
     </span>
     <span class='ocr_line' id='line_1_35' title="bbox 113 1940 918 1987; baseline 0.012 -16"><span class='ocrx_word' id='word_1_226' title='bbox 113 1940 330 1976; x_wconf 74' lang='lat' dir='ltr'><strong>deliberabit.</strong></span> <span class='ocrx_word' id='word_1_227' title='bbox 366 1943 406 1976; x_wconf 87' lang='grc' dir='ltr'><em>ΙΙ.</em></span> <span class='ocrx_word' id='word_1_228' title='bbox 434 1943 467 1978; x_wconf 81' lang='grc' dir='ltr'><em>α’</em></span> <span class='ocrx_word' id='word_1_229' title='bbox 479 1970 489 1986; x_wconf 93' lang='grc'><em>,</em></span> <span class='ocrx_word' id='word_1_230' title='bbox 517 1946 585 1980; x_wconf 65' lang='lat'>554</span> <span class='ocrx_word' id='word_1_231' title='bbox 610 1956 676 1979; x_wconf 73' lang='lat' dir='ltr'><strong>etc.</strong></span> <span class='ocrx_word' id='word_1_232' title='bbox 702 1969 746 1973; x_wconf 97' lang='lat'><strong>—</strong></span> <span class='ocrx_word' id='word_1_233' title='bbox 781 1945 840 1987; x_wconf 77' lang='grc' dir='ltr'><em>ὥς</em></span> <span class='ocrx_word' id='word_1_234' title='bbox 872 1960 918 1982; x_wconf 78' lang='grc' dir='ltr'><em>κε</em></span> 
     </span>
     <span class='ocr_line' id='line_1_36' title="bbox 112 1986 918 2038; baseline 0.01 -18"><span class='ocrx_word' id='word_1_235' title='bbox 112 1986 304 2031; x_wconf 80' lang='grc' dir='ltr'><em>νέηται,</em></span> <span class='ocrx_word' id='word_1_236' title='bbox 341 1993 505 2032; x_wconf 74' lang='lat' dir='ltr'><strong>quomodo</strong></span> <span class='ocrx_word' id='word_1_237' title='bbox 539 1993 669 2026; x_wconf 75' lang='lat' dir='ltr'><strong>redeat.</strong></span> <span class='ocrx_word' id='word_1_238' title='bbox 705 1993 744 2026; x_wconf 87' lang='grc' dir='ltr'><em>ΙΙ.</em></span> <span class='ocrx_word' id='word_1_239' title='bbox 779 1992 823 2038; x_wconf 86' lang='grc' dir='ltr'><em>β’,</em></span> <span class='ocrx_word' id='word_1_240' title='bbox 849 1995 918 2028; x_wconf 85' lang='grc'><em>236</em></span> 
     </span>
    </p>
   </div>
   <div class='ocr_carea' id='block_1_18' title="bbox 109 2038 918 2175">
    <p class='ocr_par' dir='ltr' id='par_1_19' title="bbox 109 2038 918 2175">
     <span class='ocr_line' id='line_1_37' title="bbox 111 2038 917 2081; baseline 0.009 -16"><span class='ocrx_word' id='word_1_241' title='bbox 111 2038 178 2066; x_wconf 89' lang='lat' dir='ltr'><strong>etc.</strong></span> <span class='ocrx_word' id='word_1_242' title='bbox 203 2038 626 2081; x_wconf 78' lang='grc' dir='ltr'><em>-πολνμηχανος,</em></span> <span class='ocrx_word' id='word_1_243' title='bbox 651 2041 777 2072; x_wconf 76' lang='lat' dir='ltr'><strong>sollers.</strong></span> <span class='ocrx_word' id='word_1_244' title='bbox 805 2040 917 2072; x_wconf 55' lang='lat' dir='ltr'><strong>xoss:</strong></span> 
     </span>
     <span class='ocr_line' id='line_1_38' title="bbox 110 2078 918 2139; baseline 0.01 -29"><span class='ocrx_word' id='word_1_245' title='bbox 110 2078 201 2111; x_wconf 79' lang='lat' dir='ltr'><strong>deun</strong></span> <span class='ocrx_word' id='word_1_246' title='bbox 232 2082 325 2113; x_wconf 79' lang='lat' dir='ltr'><strong>reich</strong></span> <span class='ocrx_word' id='word_1_247' title='bbox 359 2093 405 2115; x_wconf 82' lang='lat' dir='ltr'><strong>an</strong></span> <span class='ocrx_word' id='word_1_248' title='bbox 436 2086 661 2139; x_wconf 81' lang='lat' dir='ltr'><strong>ersinduugen</strong></span> <span class='ocrx_word' id='word_1_249' title='bbox 692 2087 736 2118; x_wconf 84' lang='lat' dir='ltr'><em>ist</em></span> <span class='ocrx_word' id='word_1_250' title='bbox 763 2097 807 2118; x_wconf 86' lang='lat' dir='ltr'><em>er</em></span> <span class='ocrx_word' id='word_1_251' title='bbox 834 2085 918 2118; x_wconf 85' lang='lat' dir='ltr'><strong>soli-</strong></span> 
     </span>
     <span class='ocr_line' id='line_1_39' title="bbox 109 2125 917 2175; baseline 0.021 -19"><span class='ocrx_word' id='word_1_252' title='bbox 109 2129 183 2158; x_wconf 83' lang='lat' dir='ltr'><strong>tum</strong></span> <span class='ocrx_word' id='word_1_253' title='bbox 217 2125 356 2171; x_wconf 69' lang='grc' dir='ltr'><strong>ΠΙ)55ἰ5</strong></span> <span class='ocrx_word' id='word_1_254' title='bbox 392 2130 580 2173; x_wconf 80' lang='lat' dir='ltr'>epitheton.</span> <span class='ocrx_word' id='word_1_255' title='bbox 616 2130 654 2172; x_wconf 81' lang='grc' dir='ltr'><em>ε’,</em></span> <span class='ocrx_word' id='word_1_256' title='bbox 685 2132 770 2171; x_wconf 85' lang='grc'><em>203,</em></span> <span class='ocrx_word' id='word_1_257' title='bbox 807 2131 917 2175; x_wconf 68' lang='grc' dir='ltr'><em>ῙΙ-β,</em></span> 
     </span>
    </p>
   </div>
   <div class='ocr_carea' id='block_1_19' title="bbox 53 2171 916 2220">
    <p class='ocr_par' dir='ltr' id='par_1_20' title="bbox 53 2171 916 2220">
     <span class='ocr_line' id='line_1_40' title="bbox 53 2171 916 2220; baseline 0.01 -17"><span class='ocrx_word' id='word_1_258' title='bbox 53 2188 57 2189; x_wconf 44' lang='grc'><em>’</em></span> <span class='ocrx_word' id='word_1_259' title='bbox 111 2171 179 2205; x_wconf 83' lang='grc'><em>173</em></span> <span class='ocrx_word' id='word_1_260' title='bbox 203 2178 271 2205; x_wconf 83' lang='lat' dir='ltr'><strong>etc.</strong></span> <span class='ocrx_word' id='word_1_261' title='bbox 297 2176 527 2216; x_wconf 74' lang='lat'>—2’6609,</span> <span class='ocrx_word' id='word_1_262' title='bbox 553 2180 717 2219; x_wconf 79' lang='grc' dir='ltr'><em>τηλίκος,</em></span> <span class='ocrx_word' id='word_1_263' title='bbox 726 2179 916 2220; x_wconf 79' lang='grc' dir='ltr'><em>τηλικοῦ-</em></span> 
     </span>
    </p>
   </div>
   <div class='ocr_carea' id='block_1_20' title="bbox 99 2222 916 2819">
    <p class='ocr_par' dir='ltr' id='par_1_21' title="bbox 100 2222 916 2622">
     <span class='ocr_line' id='line_1_41' title="bbox 109 2222 916 2265; baseline 0.01 -15"><span class='ocrx_word' id='word_1_264' title='bbox 109 2228 186 2258; x_wconf 83' lang='grc' dir='ltr'><em>τος,</em></span> <span class='ocrx_word' id='word_1_265' title='bbox 212 2222 344 2259; x_wconf 76' lang='lat' dir='ltr'><strong>tantus.</strong></span> <span class='ocrx_word' id='word_1_266' title='bbox 369 2226 437 2254; x_wconf 76' lang='lat' dir='ltr'><strong>tam</strong></span> <span class='ocrx_word' id='word_1_267' title='bbox 462 2223 613 2265; x_wconf 81' lang='lat' dir='ltr'><strong>grandis.</strong></span> <span class='ocrx_word' id='word_1_268' title='bbox 633 2243 678 2248; x_wconf 93' lang='lat'><strong>—</strong></span> <span class='ocrx_word' id='word_1_269' title='bbox 702 2224 821 2257; x_wconf 79' lang='grc' dir='ltr'><em>αἰνῶ</em></span> <span class='ocrx_word' id='word_1_270' title='bbox 837 2236 852 2263; x_wconf 89' lang='grc' dir='ltr'><em>ς</em></span> <span class='ocrx_word' id='word_1_271' title='bbox 872 2243 916 2249; x_wconf 90' lang='grc'>-</span> 
     </span>
     <span class='ocr_line' id='line_1_42' title="bbox 108 2264 916 2311; baseline 0.008 -15"><span class='ocrx_word' id='word_1_272' title='bbox 108 2264 265 2309; x_wconf 86' lang='grc' dir='ltr'><em>κείνῳ.</em></span> <span class='ocrx_word' id='word_1_273' title='bbox 300 2267 346 2299; x_wconf 85' lang='lat' dir='ltr'><strong>cf.</strong></span> <span class='ocrx_word' id='word_1_274' title='bbox 382 2267 426 2308; x_wconf 79' lang='grc' dir='ltr'><em>δ’,</em></span> <span class='ocrx_word' id='word_1_275' title='bbox 460 2270 733 2307; x_wconf 76' lang='lat'>149,150.—</span> <span class='ocrx_word' id='word_1_276' title='bbox 767 2273 916 2311; x_wconf 88' lang='grc' dir='ltr'><em>τοῖον,</em></span> 
     </span>
     <span class='ocr_line' id='line_1_43' title="bbox 107 2293 914 2367; baseline 0.01 -25"><span class='ocrx_word' id='word_1_277' title='bbox 107 2311 241 2352; x_wconf 80' lang='grc' dir='ltr'><em>τοίως,</em></span> <span class='ocrx_word' id='word_1_278' title='bbox 264 2312 323 2345; x_wconf 80' lang='grc' dir='ltr'><em>εἰσ.</em></span> <span class='ocrx_word' id='word_1_279' title='bbox 345 2311 389 2367; x_wconf 81' lang='grc' dir='ltr'><em>γ’,</em></span> <span class='ocrx_word' id='word_1_280' title='bbox 411 2293 492 2356; x_wconf 87' lang='grc'><em>321,</em></span> <span class='ocrx_word' id='word_1_281' title='bbox 518 2312 561 2355; x_wconf 89' lang='lat'><em>6&#39;,</em></span> <span class='ocrx_word' id='word_1_282' title='bbox 587 2317 656 2350; x_wconf 89' lang='grc'><em>776</em></span> <span class='ocrx_word' id='word_1_283' title='bbox 679 2323 744 2350; x_wconf 78' lang='lat' dir='ltr'><strong>etc.</strong></span> <span class='ocrx_word' id='word_1_284' title='bbox 771 2318 841 2349; x_wconf 86' lang='lat' dir='ltr'><em>Am.</em></span> <span class='ocrx_word' id='word_1_285' title='bbox 863 2317 914 2356; x_wconf 83' lang='lat' dir='ltr'><em>Q·</em></span> 
     </span>
     <span class='ocr_line' id='line_1_44' title="bbox 107 2354 914 2417; baseline 0.006 -27"><span class='ocrx_word' id='word_1_286' title='bbox 107 2354 229 2396; x_wconf 78' lang='grc' dir='ltr'><em>οὕτως</em></span> <span class='ocrx_word' id='word_1_287' title='bbox 263 2369 312 2397; x_wconf 85' lang='grc' dir='ltr'><em>ως</em></span> <span class='ocrx_word' id='word_1_288' title='bbox 356 2355 460 2403; x_wconf 81' lang='grc' dir='ltr'><em>ἡμεῖς</em></span> <span class='ocrx_word' id='word_1_289' title='bbox 499 2360 700 2416; x_wconf 78' lang='grc' dir='ltr'><em>ἐμίχθημεν</em></span> <span class='ocrx_word' id='word_1_290' title='bbox 746 2361 914 2417; x_wconf 76' lang='grc' dir='ltr'><em>σήμερον,</em></span> 
     </span>
     <span class='ocr_line' id='line_1_45' title="bbox 105 2402 912 2452; baseline 0.008 -17"><span class='ocrx_word' id='word_1_291' title='bbox 105 2402 172 2437; x_wconf 84' lang='grc' dir='ltr'><em>καὶ</em></span> <span class='ocrx_word' id='word_1_292' title='bbox 195 2402 287 2445; x_wconf 73' lang='grc' dir='ltr'><em>μετὰ</em></span> <span class='ocrx_word' id='word_1_293' title='bbox 311 2407 379 2439; x_wconf 86' lang='grc' dir='ltr'><em>τοῦ</em></span> <span class='ocrx_word' id='word_1_294' title='bbox 413 2406 479 2440; x_wconf 82' lang='grc' dir='ltr'><em>σοῦ</em></span> <span class='ocrx_word' id='word_1_295' title='bbox 510 2408 649 2449; x_wconf 84' lang='grc' dir='ltr'><em>πατρὸς</em></span> <span class='ocrx_word' id='word_1_296' title='bbox 674 2407 912 2452; x_wconf 75' lang='grc' dir='ltr'><em>ἐμισγόμεθα.</em></span> 
     </span>
     <span class='ocr_line' id='line_1_46' title="bbox 104 2445 915 2495; baseline 0.006 -13"><span class='ocrx_word' id='word_1_297' title='bbox 104 2446 257 2493; x_wconf 79' lang='grc' dir='ltr'><em>ἐμισγ</em></span> <span class='ocrx_word' id='word_1_298' title='bbox 291 2445 382 2485; x_wconf 87' lang='grc' dir='ltr'><em>α’λλ</em></span> <span class='ocrx_word' id='word_1_299' title='bbox 416 2453 644 2487; x_wconf 80' lang='lat' dir='ltr'><strong>invisebamus</strong></span> <span class='ocrx_word' id='word_1_300' title='bbox 676 2466 735 2487; x_wconf 84' lang='lat' dir='ltr'><em>nos</em></span> <span class='ocrx_word' id='word_1_301' title='bbox 759 2456 915 2495; x_wconf 80' lang='lat' dir='ltr'><strong>invicem,</strong></span> 
     </span>
     <span class='ocr_line' id='line_1_47' title="bbox 103 2495 914 2543; baseline 0.008 -16"><span class='ocrx_word' id='word_1_302' title='bbox 103 2505 137 2538; x_wconf 63' lang='lat' dir='ltr'><em>eg</em></span> <span class='ocrx_word' id='word_1_303' title='bbox 141 2506 172 2538; x_wconf 87' lang='lat' dir='ltr'><strong>‚o</strong></span> <span class='ocrx_word' id='word_1_304' title='bbox 197 2501 232 2529; x_wconf 87' lang='lat' dir='ltr'><em>et</em></span> <span class='ocrx_word' id='word_1_305' title='bbox 259 2495 329 2541; x_wconf 83' lang='lat' dir='ltr'><em>Uly</em></span> <span class='ocrx_word' id='word_1_306' title='bbox 333 2508 415 2531; x_wconf 82' lang='lat' dir='ltr'><strong>sses.</strong></span> <span class='ocrx_word' id='word_1_307' title='bbox 440 2517 484 2523; x_wconf 93' lang='lat'><strong>—</strong></span> <span class='ocrx_word' id='word_1_308' title='bbox 510 2496 669 2543; x_wconf 82' lang='grc' dir='ltr'><em>αναβη</em></span> <span class='ocrx_word' id='word_1_309' title='bbox 687 2513 771 2543; x_wconf 79' lang='grc' dir='ltr'><em>μετ</em></span> <span class='ocrx_word' id='word_1_310' title='bbox 784 2514 843 2535; x_wconf 86' lang='grc' dir='ltr'><em>αι</em></span> <span class='ocrx_word' id='word_1_311' title='bbox 882 2513 914 2534; x_wconf 90' lang='lat' dir='ltr'><em>v.</em></span> 
     </span>
     <span class='ocr_line' id='line_1_48' title="bbox 102 2541 912 2589; baseline 0.011 -16"><span class='ocrx_word' id='word_1_312' title='bbox 102 2551 186 2574; x_wconf 82' lang='lat' dir='ltr'><strong>ann.</strong></span> <span class='ocrx_word' id='word_1_313' title='bbox 211 2541 254 2575; x_wconf 83' lang='lat' dir='ltr'><strong>ad</strong></span> <span class='ocrx_word' id='word_1_314' title='bbox 282 2545 362 2577; x_wconf 84' lang='grc'><em>182.</em></span> <span class='ocrx_word' id='word_1_315' title='bbox 386 2545 456 2586; x_wconf 83' lang='lat' dir='ltr'><strong>„cf.</strong></span> <span class='ocrx_word' id='word_1_316' title='bbox 481 2545 522 2579; x_wconf 85' lang='lat'><strong>11.</strong></span> <span class='ocrx_word' id='word_1_317' title='bbox 547 2544 589 2588; x_wconf 85' lang='grc' dir='ltr'><em>ζ’,</em></span> <span class='ocrx_word' id='word_1_318' title='bbox 614 2548 694 2588; x_wconf 84' lang='grc'><em>292,</em></span> <span class='ocrx_word' id='word_1_319' title='bbox 719 2544 761 2589; x_wconf 82' lang='grc' dir='ltr'><em>λ’,</em></span> <span class='ocrx_word' id='word_1_320' title='bbox 785 2549 842 2588; x_wconf 83' lang='grc'><em>22,</em></span> <span class='ocrx_word' id='word_1_321' title='bbox 866 2545 912 2589; x_wconf 86' lang='grc' dir='ltr'><em>ν’,</em></span> 
     </span>
     <span class='ocr_line' id='line_1_49' title="bbox 100 2586 342 2622; baseline 0.013 -3"><span class='ocrx_word' id='word_1_322' title='bbox 100 2586 212 2621; x_wconf 68' lang='lat'>65›7.“</span> <span class='ocrx_word' id='word_1_323' title='bbox 239 2588 271 2620; x_wconf 84' lang='lat' dir='ltr'><em>E</em></span> <span class='ocrx_word' id='word_1_324' title='bbox 298 2589 342 2622; x_wconf 89' lang='grc' dir='ltr'><em>Ν.</em></span> 
     </span>
    </p>

    <p class='ocr_par' dir='ltr' id='par_1_22' title="bbox 99 2633 912 2768">
     <span class='ocr_line' id='line_1_50' title="bbox 151 2633 912 2681; baseline 0.005 -15"><span class='ocrx_word' id='word_1_325' title='bbox 151 2634 231 2667; x_wconf 84' lang='grc'><em>212.</em></span> <span class='ocrx_word' id='word_1_326' title='bbox 278 2633 330 2668; x_wconf 88' lang='lat' dir='ltr'><strong>ita</strong></span> <span class='ocrx_word' id='word_1_327' title='bbox 354 2636 488 2679; x_wconf 85' lang='lat' dir='ltr'><strong>priscae</strong></span> <span class='ocrx_word' id='word_1_328' title='bbox 513 2636 604 2678; x_wconf 63' lang='lat' dir='ltr'><strong>edd,</strong></span> <span class='ocrx_word' id='word_1_329' title='bbox 630 2636 663 2670; x_wconf 86' lang='lat' dir='ltr'><em>in</em></span> <span class='ocrx_word' id='word_1_330' title='bbox 688 2637 810 2681; x_wconf 89' lang='lat' dir='ltr'><strong>quibus</strong></span> <span class='ocrx_word' id='word_1_331' title='bbox 835 2636 912 2673; x_wconf 87' lang='lat' dir='ltr'><strong>Ald.</strong></span> 
     </span>
     <span class='ocr_line' id='line_1_51' title="bbox 99 2678 912 2728; baseline 0.007 -17"><span class='ocrx_word' id='word_1_332' title='bbox 99 2678 153 2718; x_wconf 86' lang='grc'><em>3,</em></span> <span class='ocrx_word' id='word_1_333' title='bbox 178 2690 244 2712; x_wconf 88' lang='lat' dir='ltr'><em>non</em></span> <span class='ocrx_word' id='word_1_334' title='bbox 268 2678 306 2715; x_wconf 72' lang='grc' dir='ltr'><em>ἐκ</em></span> <span class='ocrx_word' id='word_1_335' title='bbox 331 2681 458 2724; x_wconf 81' lang='grc' dir='ltr'><em>τοῦδ’,</em></span> <span class='ocrx_word' id='word_1_336' title='bbox 484 2689 521 2717; x_wconf 80' lang='lat' dir='ltr'><em>ut</em></span> <span class='ocrx_word' id='word_1_337' title='bbox 546 2683 649 2718; x_wconf 87' lang='lat' dir='ltr'><strong>hodie</strong></span> <span class='ocrx_word' id='word_1_338' title='bbox 673 2683 825 2728; x_wconf 81' lang='lat' dir='ltr'><strong>legitur,</strong></span> <span class='ocrx_word' id='word_1_339' title='bbox 850 2683 912 2717; x_wconf 87' lang='lat' dir='ltr'><em>im-</em></span> 
     </span>
     <span class='ocr_line' id='line_1_52' title="bbox 100 2725 345 2768; baseline 0.009 -11"><span class='ocrx_word' id='word_1_340' title='bbox 100 2725 275 2768; x_wconf 83' lang='lat' dir='ltr'>probante</span> <span class='ocrx_word' id='word_1_341' title='bbox 299 2727 345 2760; x_wconf 89' lang='lat' dir='ltr'><em>N.</em></span> 
     </span>
    </p>

    <p class='ocr_par' dir='ltr' id='par_1_23' title="bbox 145 2771 912 2819">
     <span class='ocr_line' id='line_1_53' title="bbox 145 2771 912 2819; baseline 0.005 -14"><span class='ocrx_word' id='word_1_342' title='bbox 145 2771 232 2806; x_wconf 87' lang='grc'><em>215.</em></span> <span class='ocrx_word' id='word_1_343' title='bbox 282 2772 334 2806; x_wconf 82' lang='lat' dir='ltr'><strong>sic</strong></span> <span class='ocrx_word' id='word_1_344' title='bbox 367 2777 438 2807; x_wconf 84' lang='lat' dir='ltr'><em>Am.</em></span> <span class='ocrx_word' id='word_1_345' title='bbox 466 2774 512 2815; x_wconf 84' lang='lat' dir='ltr'><em>Q.</em></span> <span class='ocrx_word' id='word_1_346' title='bbox 550 2775 676 2819; x_wconf 74' lang='lat' dir='ltr'><strong>vulgo.</strong></span> <span class='ocrx_word' id='word_1_347' title='bbox 702 2774 824 2819; x_wconf 83' lang='grc' dir='ltr'><em>μήτηρ</em></span> <span class='ocrx_word' id='word_1_348' title='bbox 847 2774 912 2818; x_wconf 76' lang='grc' dir='ltr'><em>μέν</em></span> 
     </span>
    </p>
   </div>
   <div class='ocr_carea' id='block_1_21' title="bbox 97 2812 998 2868">
    <p class='ocr_par' dir='ltr' id='par_1_24' title="bbox 97 2812 998 2868">
     <span class='ocr_line' id='line_1_54' title="bbox 97 2812 998 2868; baseline 0.005 -17"><span class='ocrx_word' id='word_1_349' title='bbox 97 2812 136 2850; x_wconf 84' lang='grc' dir='ltr'><em>τ’</em></span> <span class='ocrx_word' id='word_1_350' title='bbox 167 2814 230 2861; x_wconf 78' lang='grc' dir='ltr'><em>ἐμέ</em></span> <span class='ocrx_word' id='word_1_351' title='bbox 253 2830 345 2862; x_wconf 84' lang='grc' dir='ltr'><em>φησι</em></span> <span class='ocrx_word' id='word_1_352' title='bbox 378 2826 466 2853; x_wconf 78' lang='lat' dir='ltr'><strong>etc.-</strong></span> <span class='ocrx_word' id='word_1_353' title='bbox 455 2843 467 2860; x_wconf 89' lang='lat'><em>,</em></span> <span class='ocrx_word' id='word_1_354' title='bbox 488 2821 548 2855; x_wconf 82' lang='lat' dir='ltr'><em>sed</em></span> <span class='ocrx_word' id='word_1_355' title='bbox 580 2821 724 2855; x_wconf 88' lang='lat' dir='ltr'><strong>alienum</strong></span> <span class='ocrx_word' id='word_1_356' title='bbox 749 2828 804 2855; x_wconf 83' lang='lat' dir='ltr'><em>est</em></span> <span class='ocrx_word' id='word_1_357' title='bbox 836 2833 915 2866; x_wconf 73' lang='lat' dir='ltr'><strong>pio·</strong></span> <span class='ocrx_word' id='word_1_358' title='bbox 964 2835 998 2868; x_wconf 90' lang='lat' dir='ltr'><em>p.</em></span> 
     </span>
    </p>
   </div>
   <div class='ocr_carea' id='block_1_22' title="bbox 97 2864 915 3049">
    <p class='ocr_par' dir='ltr' id='par_1_25' title="bbox 97 2864 915 3049">
     <span class='ocr_line' id='line_1_55' title="bbox 98 2864 913 2911; baseline 0.006 -15"><span class='ocrx_word' id='word_1_359' title='bbox 98 2874 226 2897; x_wconf 68' lang='lat' dir='ltr'><strong>nornen</strong></span> <span class='ocrx_word' id='word_1_360' title='bbox 265 2864 605 2907; x_wconf 76' lang='grc' dir='ltr'><em>ὀρθοτονούμενον.</em></span> <span class='ocrx_word' id='word_1_361' title='bbox 660 2867 792 2911; x_wconf 80' lang='lat' dir='ltr'><strong>ligenio</strong></span> <span class='ocrx_word' id='word_1_362' title='bbox 835 2879 913 2901; x_wconf 83' lang='lat' dir='ltr'><strong>ann.</strong></span> 
     </span>
     <span class='ocr_line' id='line_1_56' title="bbox 97 2907 915 2957; baseline 0.009 -16"><span class='ocrx_word' id='word_1_363' title='bbox 97 2907 142 2942; x_wconf 83' lang='lat' dir='ltr'><strong>ad</strong></span> <span class='ocrx_word' id='word_1_364' title='bbox 168 2910 280 2954; x_wconf 78' lang='lat' dir='ltr'><strong>hymn.</strong></span> <span class='ocrx_word' id='word_1_365' title='bbox 299 2911 332 2944; x_wconf 90' lang='lat' dir='ltr'><em>in</em></span> <span class='ocrx_word' id='word_1_366' title='bbox 353 2912 464 2956; x_wconf 88' lang='lat' dir='ltr'><strong>Apoll.</strong></span> <span class='ocrx_word' id='word_1_367' title='bbox 478 2916 533 2947; x_wconf 88' lang='grc'><em>90.</em></span> <span class='ocrx_word' id='word_1_368' title='bbox 548 2914 659 2955; x_wconf 82' lang='lat' dir='ltr'><strong>placet</strong></span> <span class='ocrx_word' id='word_1_369' title='bbox 679 2926 717 2956; x_wconf 90' lang='grc' dir='ltr'><em>μ.</em></span> <span class='ocrx_word' id='word_1_370' title='bbox 735 2912 802 2955; x_wconf 87' lang='grc' dir='ltr'><em>μέν</em></span> <span class='ocrx_word' id='word_1_371' title='bbox 819 2912 878 2957; x_wconf 85' lang='grc' dir='ltr'><em>γε’</em></span> <span class='ocrx_word' id='word_1_372' title='bbox 874 2912 915 2948; x_wconf 85' lang='grc' dir='ltr'><em>ιιέ</em></span> 
     </span>
     <span class='ocr_line' id='line_1_57' title="bbox 98 2947 914 3003; baseline 0.005 -15"><span class='ocrx_word' id='word_1_373' title='bbox 98 2967 153 2996; x_wconf 84' lang='grc' dir='ltr'><em>φ.,</em></span> <span class='ocrx_word' id='word_1_374' title='bbox 193 2967 255 2990; x_wconf 87' lang='lat' dir='ltr'><em>nec</em></span> <span class='ocrx_word' id='word_1_375' title='bbox 291 2957 376 2991; x_wconf 85' lang='lat' dir='ltr'><strong>mihi</strong></span> <span class='ocrx_word' id='word_1_376' title='bbox 411 2957 592 3003; x_wconf 80' lang='lat' dir='ltr'><strong>displicet,</strong></span> <span class='ocrx_word' id='word_1_377' title='bbox 620 2959 685 2992; x_wconf 80' lang='lat' dir='ltr'><strong>nisi</strong></span> <span class='ocrx_word' id='word_1_378' title='bbox 709 2959 799 3003; x_wconf 85' lang='lat' dir='ltr'><strong>quod</strong></span> <span class='ocrx_word' id='word_1_379' title='bbox 826 2947 914 2993; x_wconf 75' lang='lat' dir='ltr'><strong>bene</strong></span> 
     </span>
     <span class='ocr_line' id='line_1_58' title="bbox 98 3001 912 3049; baseline 0.004 -13"><span class='ocrx_word' id='word_1_380' title='bbox 98 3001 213 3036; x_wconf 62' lang='lat' dir='ltr'><strong>hahet</strong></span> <span class='ocrx_word' id='word_1_381' title='bbox 242 3001 309 3048; x_wconf 86' lang='grc' dir='ltr'><em>μέν</em></span> <span class='ocrx_word' id='word_1_382' title='bbox 342 3015 393 3039; x_wconf 86' lang='grc' dir='ltr'><em>τε.</em></span> <span class='ocrx_word' id='word_1_383' title='bbox 419 3021 462 3030; x_wconf 83' lang='lat'>—</span> <span class='ocrx_word' id='word_1_384' title='bbox 488 3016 550 3048; x_wconf 87' lang='lat' dir='ltr'><em>per</em></span> <span class='ocrx_word' id='word_1_385' title='bbox 571 3007 707 3049; x_wconf 87' lang='lat' dir='ltr'><strong>jocum,</strong></span> <span class='ocrx_word' id='word_1_386' title='bbox 735 3005 912 3039; x_wconf 81' lang='lat' dir='ltr'><strong>Molierius</strong></span> 
     </span>
    </p>
   </div>
   <div class='ocr_carea' id='block_1_23' title="bbox 966 1528 1778 2002">
    <p class='ocr_par' dir='ltr' id='par_1_26' title="bbox 966 1528 1778 1993">
     <span class='ocr_line' id='line_1_59' title="bbox 972 1528 1778 1578; baseline -0.012 -9"><span class='ocrx_word' id='word_1_387' title='bbox 972 1534 1170 1576; x_wconf 84' lang='lat' dir='ltr'>comoedia,</span> <span class='ocrx_word' id='word_1_388' title='bbox 1207 1545 1296 1578; x_wconf 85' lang='lat' dir='ltr'><strong>quae</strong></span> <span class='ocrx_word' id='word_1_389' title='bbox 1318 1532 1485 1577; x_wconf 86' lang='lat' dir='ltr'><strong>inscripta</strong></span> <span class='ocrx_word' id='word_1_390' title='bbox 1517 1537 1572 1565; x_wconf 76' lang='lat' dir='ltr'><strong>est</strong></span> <span class='ocrx_word' id='word_1_391' title='bbox 1592 1528 1778 1568; x_wconf 77' lang='grc' dir='ltr'><em>ΙἘιοιινιΙὶ,</em></span> 
     </span>
     <span class='ocr_line' id='line_1_60' title="bbox 971 1578 1777 1621; baseline -0.01 -7"><span class='ocrx_word' id='word_1_392' title='bbox 971 1588 1040 1614; x_wconf 80' lang='lat' dir='ltr'><strong>act.</strong></span> <span class='ocrx_word' id='word_1_393' title='bbox 1081 1583 1111 1615; x_wconf 86' lang='lat'><em>1.</em></span> <span class='ocrx_word' id='word_1_394' title='bbox 1146 1593 1194 1613; x_wconf 70' lang='lat' dir='ltr'><strong>sc.</strong></span> <span class='ocrx_word' id='word_1_395' title='bbox 1230 1583 1283 1615; x_wconf 76' lang='grc' dir='ltr'><em>2.ε</em></span> <span class='ocrx_word' id='word_1_396' title='bbox 1326 1580 1446 1621; x_wconf 75' lang='lat' dir='ltr'><strong>„C&#39;est</strong></span> <span class='ocrx_word' id='word_1_397' title='bbox 1479 1578 1650 1610; x_wconf 78' lang='lat' dir='ltr'><strong><em>monsieur</em></strong></span> <span class='ocrx_word' id='word_1_398' title='bbox 1684 1579 1777 1607; x_wconf 78' lang='lat' dir='ltr'><strong>verre</strong></span> 
     </span>
     <span class='ocr_line' id='line_1_61' title="bbox 967 1624 1776 1671; baseline -0.006 -13"><span class='ocrx_word' id='word_1_399' title='bbox 967 1629 1069 1671; x_wconf 71' lang='lat' dir='ltr'><strong>pere,</strong></span> <span class='ocrx_word' id='word_1_400' title='bbox 1105 1638 1148 1659; x_wconf 83' lang='lat' dir='ltr'><em>au</em></span> <span class='ocrx_word' id='word_1_401' title='bbox 1173 1626 1280 1660; x_wconf 87' lang='lat' dir='ltr'><strong>moins</strong></span> <span class='ocrx_word' id='word_1_402' title='bbox 1304 1625 1323 1659; x_wconf 70' lang='grc' dir='ltr'><em>ἐι</em></span> <span class='ocrx_word' id='word_1_403' title='bbox 1347 1637 1387 1659; x_wconf 85' lang='lat' dir='ltr'><em>ce</em></span> <span class='ocrx_word' id='word_1_404' title='bbox 1411 1624 1493 1669; x_wconf 85' lang='lat' dir='ltr'><strong>qu&#39;il</strong></span> <span class='ocrx_word' id='word_1_405' title='bbox 1518 1624 1607 1659; x_wconf 84' lang='lat' dir='ltr'><strong>dit.“</strong></span> <span class='ocrx_word' id='word_1_406' title='bbox 1632 1625 1776 1656; x_wconf 80' lang='lat' dir='ltr'><strong>annota-</strong></span> 
     </span>
     <span class='ocr_line' id='line_1_62' title="bbox 969 1674 1087 1707; baseline -0.009 0"><span class='ocrx_word' id='word_1_407' title='bbox 969 1674 1021 1707; x_wconf 80' lang='lat' dir='ltr'><strong>vit</strong></span> <span class='ocrx_word' id='word_1_408' title='bbox 1048 1674 1087 1706; x_wconf 87' lang='grc' dir='ltr'><em>Β.</em></span> 
     </span>
     <span class='ocr_line' id='line_1_63' title="bbox 1013 1720 1208 1754; baseline 0 -1"><span class='ocrx_word' id='word_1_409' title='bbox 1013 1720 1208 1754; x_wconf 79' lang='grc'><em>216-219.</em></span> 
     </span>
     <span class='ocr_line' id='line_1_64' title="bbox 969 1744 1776 1808; baseline -0.006 -12"><span class='ocrx_word' id='word_1_410' title='bbox 969 1775 1000 1796; x_wconf 82' lang='lat' dir='ltr'><em>v.</em></span> <span class='ocrx_word' id='word_1_411' title='bbox 1027 1765 1154 1808; x_wconf 54' lang='grc' dir='ltr'><strong>Οόὶ55.</strong></span> <span class='ocrx_word' id='word_1_412' title='bbox 1180 1763 1220 1804; x_wconf 86' lang='grc' dir='ltr'><em>λ’,</em></span> <span class='ocrx_word' id='word_1_413' title='bbox 1245 1762 1327 1803; x_wconf 75' lang='grc'><em>234,</em></span> <span class='ocrx_word' id='word_1_414' title='bbox 1360 1744 1463 1796; x_wconf 73' lang='lat' dir='ltr'><strong>Scim.</strong></span> <span class='ocrx_word' id='word_1_415' title='bbox 1490 1763 1522 1794; x_wconf 90' lang='grc' dir='ltr'><em>Ιι.</em></span> <span class='ocrx_word' id='word_1_416' title='bbox 1554 1772 1586 1794; x_wconf 90' lang='lat' dir='ltr'><em>v.</em></span> <span class='ocrx_word' id='word_1_417' title='bbox 1610 1778 1657 1784; x_wconf 92' lang='lat'>—</span> <span class='ocrx_word' id='word_1_418' title='bbox 1688 1770 1776 1799; x_wconf 84' lang='grc' dir='ltr'><em>,,ως</em></span> 
     </span>
     <span class='ocr_line' id='line_1_65' title="bbox 969 1801 1775 1863; baseline -0.007 -19"><span class='ocrx_word' id='word_1_419' title='bbox 969 1809 1022 1853; x_wconf 74' lang='grc' dir='ltr'><em>ὃν)</em></span> <span class='ocrx_word' id='word_1_420' title='bbox 1059 1801 1256 1863; x_wconf 80' lang='grc' dir='ltr'><em>ὄφελον,</em></span> <span class='ocrx_word' id='word_1_421' title='bbox 1292 1816 1330 1842; x_wconf 90' lang='lat' dir='ltr'><em>ut</em></span> <span class='ocrx_word' id='word_1_422' title='bbox 1363 1807 1401 1851; x_wconf 88' lang='grc' dir='ltr'><em>ε’,</em></span> <span class='ocrx_word' id='word_1_423' title='bbox 1433 1809 1514 1848; x_wconf 80' lang='grc'><em>308,</em></span> <span class='ocrx_word' id='word_1_424' title='bbox 1541 1804 1583 1847; x_wconf 86' lang='grc' dir='ltr'><em>λ’,</em></span> <span class='ocrx_word' id='word_1_425' title='bbox 1618 1805 1698 1840; x_wconf 73' lang='lat'><strong>547.</strong></span> <span class='ocrx_word' id='word_1_426' title='bbox 1724 1801 1775 1844; x_wconf 75' lang='grc' dir='ltr'><em>ὣς</em></span> 
     </span>
     <span class='ocr_line' id='line_1_66' title="bbox 968 1851 1774 1899; baseline -0.006 -10"><span class='ocrx_word' id='word_1_427' title='bbox 968 1855 1154 1899; x_wconf 69' lang='grc' dir='ltr'><em>ὄφελον5</em></span> <span class='ocrx_word' id='word_1_428' title='bbox 1140 1857 1240 1889; x_wconf 81' lang='lat' dir='ltr'><strong>imili</strong></span> <span class='ocrx_word' id='word_1_429' title='bbox 1272 1866 1371 1888; x_wconf 81' lang='lat' dir='ltr'><strong>sensu</strong></span> <span class='ocrx_word' id='word_1_430' title='bbox 1416 1855 1505 1887; x_wconf 69' lang='lat' dir='ltr'><strong>dixit</strong></span> <span class='ocrx_word' id='word_1_431' title='bbox 1535 1851 1588 1895; x_wconf 80' lang='grc' dir='ltr'><em>ξ’,</em></span> <span class='ocrx_word' id='word_1_432' title='bbox 1623 1853 1704 1887; x_wconf 64' lang='grc'><em>274.</em></span> <span class='ocrx_word' id='word_1_433' title='bbox 1737 1857 1774 1884; x_wconf 84' lang='lat' dir='ltr'><em>et</em></span> 
     </span>
     <span class='ocr_line' id='line_1_67' title="bbox 966 1898 1772 1942; baseline -0.008 -7"><span class='ocrx_word' id='word_1_434' title='bbox 966 1903 1087 1935; x_wconf 74' lang='lat' dir='ltr'><strong>alias.‘</strong></span> <span class='ocrx_word' id='word_1_435' title='bbox 1092 1903 1157 1935; x_wconf 85' lang='lat' dir='ltr'><em>‘E</em></span> <span class='ocrx_word' id='word_1_436' title='bbox 1184 1903 1230 1936; x_wconf 64' lang='lat' dir='ltr'><strong>A</strong></span> <span class='ocrx_word' id='word_1_437' title='bbox 1259 1920 1305 1927; x_wconf 86' lang='lat'><em>--</em></span> <span class='ocrx_word' id='word_1_438' title='bbox 1330 1900 1550 1942; x_wconf 71' lang='grc' dir='ltr'><em>ἔτετμεν,</em></span> <span class='ocrx_word' id='word_1_439' title='bbox 1577 1898 1772 1938; x_wconf 80' lang='lat' dir='ltr'><strong>inuenisset,</strong></span> 
     </span>
     <span class='ocr_line' id='line_1_68' title="bbox 966 1945 1774 2002; baseline -0.004 -22"><span class='ocrx_word' id='word_1_440' title='bbox 966 1948 1260 2002; x_wconf 71' lang='lat' dir='ltr'><strong>deprehendisset.</strong></span> <span class='ocrx_word' id='word_1_441' title='bbox 1284 1945 1323 1987; x_wconf 85' lang='grc' dir='ltr'><em>ε’,</em></span> <span class='ocrx_word' id='word_1_442' title='bbox 1349 1948 1405 1987; x_wconf 87' lang='grc'><em>58,</em></span> <span class='ocrx_word' id='word_1_443' title='bbox 1430 1947 1472 1981; x_wconf 88' lang='grc' dir='ltr'><em>ΙΙ</em></span> <span class='ocrx_word' id='word_1_444' title='bbox 1495 1945 1541 1984; x_wconf 83' lang='lat'><em>6&#39;,</em></span> <span class='ocrx_word' id='word_1_445' title='bbox 1566 1946 1634 1979; x_wconf 80' lang='grc'><em>293</em></span> <span class='ocrx_word' id='word_1_446' title='bbox 1659 1950 1774 1978; x_wconf 84' lang='lat' dir='ltr'><strong>etc.—</strong></span> 
     </span>
    </p>
   </div>
   <div class='ocr_carea' id='block_1_24' title="bbox 966 1992 1830 2039">
    <p class='ocr_par' dir='ltr' id='par_1_27' title="bbox 966 1992 1830 2039">
     <span class='ocr_line' id='line_1_69' title="bbox 966 1992 1830 2039; baseline -0.007 -11"><span class='ocrx_word' id='word_1_447' title='bbox 966 1993 1352 2039; x_wconf 79' lang='grc' dir='ltr'><em>αποτμότατος,</em></span> <span class='ocrx_word' id='word_1_448' title='bbox 1402 1992 1668 2033; x_wconf 72' lang='lat' dir='ltr'><strong>infelicissimus.</strong></span> <span class='ocrx_word' id='word_1_449' title='bbox 1716 2002 1773 2030; x_wconf 84' lang='grc' dir='ltr'><em>ν,</em></span> <span class='ocrx_word' id='word_1_450' title='bbox 1828 2003 1830 2013; x_wconf 63' lang='lat' dir='ltr'>v</span> 
     </span>
    </p>
   </div>
   <div class='ocr_carea' id='block_1_25' title="bbox 962 2040 1771 2313">
    <p class='ocr_par' dir='ltr' id='par_1_28' title="bbox 966 2040 1291 2082">
     <span class='ocr_line' id='line_1_70' title="bbox 966 2040 1291 2082; baseline 0 -8"><span class='ocrx_word' id='word_1_451' title='bbox 966 2042 1045 2081; x_wconf 84' lang='lat'>140,</span> <span class='ocrx_word' id='word_1_452' title='bbox 1072 2042 1111 2075; x_wconf 87' lang='grc' dir='ltr'><em>ΙΙ.</em></span> <span class='ocrx_word' id='word_1_453' title='bbox 1134 2056 1186 2082; x_wconf 85' lang='grc' dir='ltr'><em>ω,</em></span> <span class='ocrx_word' id='word_1_454' title='bbox 1211 2040 1291 2075; x_wconf 82' lang='grc'><em>388.</em></span> 
     </span>
    </p>

    <p class='ocr_par' dir='ltr' id='par_1_29' title="bbox 962 2067 1771 2313">
     <span class='ocr_line' id='line_1_71' title="bbox 1010 2067 1769 2139; baseline -0.012 -17"><span class='ocrx_word' id='word_1_455' title='bbox 1010 2089 1118 2122; x_wconf 77' lang='grc'><em>222-</em></span> <span class='ocrx_word' id='word_1_456' title='bbox 1126 2067 1203 2122; x_wconf 89' lang='grc'><em>229.</em></span> <span class='ocrx_word' id='word_1_457' title='bbox 1253 2084 1510 2139; x_wconf 80' lang='grc' dir='ltr'><em>νώνυμνον</em></span> <span class='ocrx_word' id='word_1_458' title='bbox 1532 2108 1543 2124; x_wconf 83' lang='grc'><em>,</em></span> <span class='ocrx_word' id='word_1_459' title='bbox 1583 2079 1769 2122; x_wconf 78' lang='grc' dir='ltr'><em>νώνυμον,</em></span> 
     </span>
     <span class='ocr_line' id='line_1_72' title="bbox 964 2126 1771 2175; baseline -0.007 -9"><span class='ocrx_word' id='word_1_460' title='bbox 964 2134 1159 2175; x_wconf 77' lang='lat' dir='ltr'><strong>ignobilem.</strong></span> <span class='ocrx_word' id='word_1_461' title='bbox 1191 2132 1230 2166; x_wconf 92' lang='grc' dir='ltr'><em>ΙΙ.</em></span> <span class='ocrx_word' id='word_1_462' title='bbox 1262 2131 1310 2175; x_wconf 83' lang='grc' dir='ltr'><em>μ’,</em></span> <span class='ocrx_word' id='word_1_463' title='bbox 1335 2132 1392 2172; x_wconf 89' lang='grc'><em>70,</em></span> <span class='ocrx_word' id='word_1_464' title='bbox 1414 2128 1456 2171; x_wconf 85' lang='grc' dir='ltr'><em>ν’,</em></span> <span class='ocrx_word' id='word_1_465' title='bbox 1491 2131 1571 2170; x_wconf 86' lang='grc'><em>227,</em></span> <span class='ocrx_word' id='word_1_466' title='bbox 1595 2126 1636 2170; x_wconf 78' lang='grc' dir='ltr'><em>ξ’,</em></span> <span class='ocrx_word' id='word_1_467' title='bbox 1660 2129 1715 2162; x_wconf 90' lang='grc'><em>70.</em></span> <span class='ocrx_word' id='word_1_468' title='bbox 1725 2145 1771 2151; x_wconf 93' lang='lat'><em>—-</em></span> 
     </span>
     <span class='ocr_line' id='line_1_73' title="bbox 965 2174 1770 2228; baseline -0.01 -14"><span class='ocrx_word' id='word_1_469' title='bbox 965 2178 1169 2221; x_wconf 81' lang='grc' dir='ltr'><em>ὀπίσσω,</em></span> <span class='ocrx_word' id='word_1_470' title='bbox 1204 2190 1323 2222; x_wconf 62' lang='grc' dir='ltr'><em>ρων-,ο</em></span> <span class='ocrx_word' id='word_1_471' title='bbox 1355 2177 1390 2210; x_wconf 87' lang='lat' dir='ltr'><em>in</em></span> <span class='ocrx_word' id='word_1_472' title='bbox 1425 2180 1607 2228; x_wconf 80' lang='lat' dir='ltr'><strong>posterum.</strong></span> <span class='ocrx_word' id='word_1_473' title='bbox 1632 2192 1677 2197; x_wconf 93' lang='lat'><strong>—</strong></span> <span class='ocrx_word' id='word_1_474' title='bbox 1709 2174 1770 2208; x_wconf 80' lang='grc' dir='ltr'><em>τί·</em></span> 
     </span>
     <span class='ocr_line' id='line_1_74' title="bbox 963 2221 1769 2270; baseline -0.01 -11"><span class='ocrx_word' id='word_1_475' title='bbox 963 2238 1047 2260; x_wconf 85' lang='grc' dir='ltr'><em>πτε</em></span> <span class='ocrx_word' id='word_1_476' title='bbox 1086 2226 1132 2261; x_wconf 80' lang='grc' dir='ltr'><em>δέ</em></span> <span class='ocrx_word' id='word_1_477' title='bbox 1174 2237 1220 2260; x_wconf 89' lang='grc' dir='ltr'><em>σε</em></span> <span class='ocrx_word' id='word_1_478' title='bbox 1259 2224 1397 2270; x_wconf 75' lang='grc' dir='ltr'><em>χρεώς</em></span> <span class='ocrx_word' id='word_1_479' title='bbox 1431 2225 1496 2256; x_wconf 79' lang='lat' dir='ltr'><strong>hoc</strong></span> <span class='ocrx_word' id='word_1_480' title='bbox 1531 2221 1580 2254; x_wconf 84' lang='lat' dir='ltr'><strong>ita</strong></span> <span class='ocrx_word' id='word_1_481' title='bbox 1617 2229 1769 2264; x_wconf 82' lang='lat' dir='ltr'><strong>exponas</strong></span> 
     </span>
     <span class='ocr_line' id='line_1_75' title="bbox 962 2265 1768 2313; baseline -0.01 -8"><span class='ocrx_word' id='word_1_482' title='bbox 962 2272 1061 2306; x_wconf 83' lang='lat' dir='ltr'><strong>licet·</strong></span> <span class='ocrx_word' id='word_1_483' title='bbox 1086 2269 1180 2306; x_wconf 77' lang='grc' dir='ltr'><em>κατὰ</em></span> <span class='ocrx_word' id='word_1_484' title='bbox 1204 2272 1239 2305; x_wconf 87' lang='grc' dir='ltr'><em>τί</em></span> <span class='ocrx_word' id='word_1_485' title='bbox 1263 2282 1351 2305; x_wconf 83' lang='grc' dir='ltr'><em>ποτε</em></span> <span class='ocrx_word' id='word_1_486' title='bbox 1374 2268 1466 2313; x_wconf 79' lang='grc' dir='ltr'><em>χρεώ</em></span> <span class='ocrx_word' id='word_1_487' title='bbox 1499 2278 1538 2302; x_wconf 86' lang='grc' dir='ltr'><em>σε</em></span> <span class='ocrx_word' id='word_1_488' title='bbox 1563 2265 1654 2309; x_wconf 73' lang='grc' dir='ltr'><em>ε’ςχει</em></span> <span class='ocrx_word' id='word_1_489' title='bbox 1681 2277 1768 2309; x_wconf 87' lang='lat' dir='ltr'><strong>qua-</strong></span> 
     </span>
    </p>
   </div>
   <div class='ocr_carea' id='block_1_26' title="bbox 963 2311 1827 2362">
    <p class='ocr_par' dir='ltr' id='par_1_30' title="bbox 963 2311 1827 2362">
     <span class='ocr_line' id='line_1_76' title="bbox 963 2311 1827 2362; baseline -0.009 -11"><span class='ocrx_word' id='word_1_490' title='bbox 963 2329 1039 2351; x_wconf 82' lang='lat' dir='ltr'><em>nam</em></span> <span class='ocrx_word' id='word_1_491' title='bbox 1063 2318 1107 2352; x_wconf 87' lang='lat' dir='ltr'><em>de</em></span> <span class='ocrx_word' id='word_1_492' title='bbox 1132 2330 1171 2352; x_wconf 86' lang='lat' dir='ltr'><em>re</em></span> <span class='ocrx_word' id='word_1_493' title='bbox 1196 2329 1284 2362; x_wconf 85' lang='lat' dir='ltr'><strong>opus</strong></span> <span class='ocrx_word' id='word_1_494' title='bbox 1308 2328 1369 2350; x_wconf 88' lang='lat' dir='ltr'><em>seu</em></span> <span class='ocrx_word' id='word_1_495' title='bbox 1393 2314 1562 2358; x_wconf 73' lang='lat' dir='ltr'><strong>negotium</strong></span> <span class='ocrx_word' id='word_1_496' title='bbox 1582 2318 1616 2346; x_wconf 82' lang='lat' dir='ltr'><em>te</em></span> <span class='ocrx_word' id='word_1_497' title='bbox 1634 2311 1767 2344; x_wconf 53' lang='lat' dir='ltr'><strong>habet&amp;</strong></span> <span class='ocrx_word' id='word_1_498' title='bbox 1823 2344 1827 2356; x_wconf 37' lang='grc' dir='ltr'><strong>ἱ</strong></span> 
     </span>
    </p>
   </div>
   <div class='ocr_carea' id='block_1_27' title="bbox 959 2357 1769 2872">
    <p class='ocr_par' dir='ltr' id='par_1_31' title="bbox 959 2357 1769 2866">
     <span class='ocr_line' id='line_1_77' title="bbox 963 2357 1769 2407; baseline -0.009 -9"><span class='ocrx_word' id='word_1_499' title='bbox 963 2365 1132 2407; x_wconf 89' lang='lat' dir='ltr'><strong>quodnam</strong></span> <span class='ocrx_word' id='word_1_500' title='bbox 1157 2363 1221 2397; x_wconf 84' lang='lat' dir='ltr'><strong>tibi</strong></span> <span class='ocrx_word' id='word_1_501' title='bbox 1242 2364 1305 2396; x_wconf 87' lang='lat' dir='ltr'><strong>hoc</strong></span> <span class='ocrx_word' id='word_1_502' title='bbox 1323 2361 1493 2405; x_wconf 78' lang='lat' dir='ltr'><strong>negotium</strong></span> <span class='ocrx_word' id='word_1_503' title='bbox 1513 2358 1595 2394; x_wconf 68' lang='lat' dir='ltr'><strong>est?</strong></span> <span class='ocrx_word' id='word_1_504' title='bbox 1620 2357 1670 2390; x_wconf 81' lang='lat' dir='ltr'><strong>sic</strong></span> <span class='ocrx_word' id='word_1_505' title='bbox 1688 2357 1769 2391; x_wconf 85' lang='lat' dir='ltr'><strong>item</strong></span> 
     </span>
     <span class='ocr_line' id='line_1_78' title="bbox 961 2403 1768 2453; baseline -0.009 -11"><span class='ocrx_word' id='word_1_506' title='bbox 961 2423 1005 2451; x_wconf 88' lang='grc' dir='ltr'><em>κ,</em></span> <span class='ocrx_word' id='word_1_507' title='bbox 1030 2412 1086 2445; x_wconf 87' lang='grc'><em>85.</em></span> <span class='ocrx_word' id='word_1_508' title='bbox 1116 2409 1200 2443; x_wconf 79' lang='lat' dir='ltr'><strong>alias</strong></span> <span class='ocrx_word' id='word_1_509' title='bbox 1228 2408 1403 2453; x_wconf 75' lang='lat' dir='ltr'><strong>genitivus</strong></span> <span class='ocrx_word' id='word_1_510' title='bbox 1436 2415 1605 2452; x_wconf 80' lang='lat' dir='ltr'><strong>personae</strong></span> <span class='ocrx_word' id='word_1_511' title='bbox 1629 2415 1692 2436; x_wconf 86' lang='lat' dir='ltr'><em>seu</em></span> <span class='ocrx_word' id='word_1_512' title='bbox 1718 2403 1768 2436; x_wconf 89' lang='lat' dir='ltr'><em>rei</em></span> 
     </span>
     <span class='ocr_line' id='line_1_79' title="bbox 963 2448 1767 2499; baseline -0.01 -10"><span class='ocrx_word' id='word_1_513' title='bbox 963 2455 1179 2489; x_wconf 78' lang='lat' dir='ltr'><strong>necessariae</strong></span> <span class='ocrx_word' id='word_1_514' title='bbox 1217 2459 1425 2499; x_wconf 82' lang='lat' dir='ltr'><strong>usurpatur,</strong></span> <span class='ocrx_word' id='word_1_515' title='bbox 1461 2452 1513 2485; x_wconf 85' lang='lat' dir='ltr'><em>vel</em></span> <span class='ocrx_word' id='word_1_516' title='bbox 1549 2448 1767 2483; x_wconf 79' lang='lat' dir='ltr'><strong>accusativus</strong></span> 
     </span>
     <span class='ocr_line' id='line_1_80' title="bbox 963 2495 1766 2538; baseline -0.009 -3"><span class='ocrx_word' id='word_1_517' title='bbox 963 2513 1038 2535; x_wconf 89' lang='lat' dir='ltr'><strong>cum</strong></span> <span class='ocrx_word' id='word_1_518' title='bbox 1067 2501 1249 2536; x_wconf 87' lang='lat' dir='ltr'><strong>infinitivo.</strong></span> <span class='ocrx_word' id='word_1_519' title='bbox 1283 2513 1314 2535; x_wconf 89' lang='lat' dir='ltr'><em>v.</em></span> <span class='ocrx_word' id='word_1_520' title='bbox 1353 2499 1394 2532; x_wconf 88' lang='grc' dir='ltr'><em>ΙΙ.</em></span> <span class='ocrx_word' id='word_1_521' title='bbox 1425 2496 1468 2538; x_wconf 80' lang='grc' dir='ltr'><em>λ’,</em></span> <span class='ocrx_word' id='word_1_522' title='bbox 1501 2498 1582 2533; x_wconf 85' lang='lat'>605.</span> <span class='ocrx_word' id='word_1_523' title='bbox 1615 2495 1659 2532; x_wconf 92' lang='grc' dir='ltr'><em>σ’</em></span> <span class='ocrx_word' id='word_1_524' title='bbox 1686 2495 1766 2529; x_wconf 73' lang='grc'><em>406.</em></span> 
     </span>
     <span class='ocr_line' id='line_1_81' title="bbox 962 2522 1767 2587; baseline -0.006 -7"><span class='ocrx_word' id='word_1_525' title='bbox 962 2554 1027 2581; x_wconf 84' lang='lat' dir='ltr'><strong>etc.</strong></span> <span class='ocrx_word' id='word_1_526' title='bbox 1062 2549 1181 2581; x_wconf 87' lang='lat' dir='ltr'><strong>durius</strong></span> <span class='ocrx_word' id='word_1_527' title='bbox 1215 2551 1326 2581; x_wconf 84' lang='lat' dir='ltr'><strong>autem</strong></span> <span class='ocrx_word' id='word_1_528' title='bbox 1351 2544 1397 2587; x_wconf 80' lang='grc' dir='ltr'><em>δ’,</em></span> <span class='ocrx_word' id='word_1_529' title='bbox 1419 2522 1498 2580; x_wconf 73' lang='lat'>63’4.</span> <span class='ocrx_word' id='word_1_530' title='bbox 1528 2542 1615 2575; x_wconf 82' lang='lat' dir='ltr'><strong>dixit</strong></span> <span class='ocrx_word' id='word_1_531' title='bbox 1639 2539 1700 2583; x_wconf 76' lang='grc' dir='ltr'><em>ἐμὲ</em></span> <span class='ocrx_word' id='word_1_532' title='bbox 1725 2538 1767 2575; x_wconf 76' lang='grc' dir='ltr'><em>δὲ</em></span> 
     </span>
     <span class='ocr_line' id='line_1_82' title="bbox 959 2586 1767 2637; baseline -0.011 -9"><span class='ocrx_word' id='word_1_533' title='bbox 959 2592 1049 2636; x_wconf 76' lang='grc' dir='ltr'><em>χρεώ</em></span> <span class='ocrx_word' id='word_1_534' title='bbox 1074 2595 1233 2637; x_wconf 79' lang='grc' dir='ltr'><em>γίγνεται</em></span> <span class='ocrx_word' id='word_1_535' title='bbox 1258 2591 1392 2636; x_wconf 87' lang='grc' dir='ltr'><em>αυτῆς,</em></span> <span class='ocrx_word' id='word_1_536' title='bbox 1419 2603 1473 2624; x_wconf 75' lang='lat' dir='ltr'><em>cur</em></span> <span class='ocrx_word' id='word_1_537' title='bbox 1495 2588 1604 2622; x_wconf 80' lang='lat' dir='ltr'><strong>simile</strong></span> <span class='ocrx_word' id='word_1_538' title='bbox 1627 2588 1714 2622; x_wconf 82' lang='lat' dir='ltr'><strong>dicit.</strong></span> <span class='ocrx_word' id='word_1_539' title='bbox 1733 2586 1767 2620; x_wconf 89' lang='lat' dir='ltr'>N</span> 
     </span>
     <span class='ocr_line' id='line_1_83' title="bbox 959 2632 1766 2683; baseline -0.005 -11"><span class='ocrx_word' id='word_1_540' title='bbox 959 2640 1040 2673; x_wconf 86' lang='lat' dir='ltr'><strong>illud</strong></span> <span class='ocrx_word' id='word_1_541' title='bbox 1061 2639 1286 2683; x_wconf 83' lang='lat' dir='ltr'><strong>Tragicorum</strong></span> <span class='ocrx_word' id='word_1_542' title='bbox 1302 2637 1418 2679; x_wconf 81' lang='grc' dir='ltr'><em>πολλή</em></span> <span class='ocrx_word' id='word_1_543' title='bbox 1434 2635 1469 2680; x_wconf 87' lang='grc' dir='ltr'><em>μ’</em></span> <span class='ocrx_word' id='word_1_544' title='bbox 1497 2633 1649 2679; x_wconf 73' lang='grc' dir='ltr'><em>ἀνάγκη,</em></span> <span class='ocrx_word' id='word_1_545' title='bbox 1674 2632 1766 2677; x_wconf 79' lang='lat' dir='ltr'><strong>quod</strong></span> 
     </span>
     <span class='ocr_line' id='line_1_84' title="bbox 960 2679 1764 2739; baseline -0.011 -20"><span class='ocrx_word' id='word_1_546' title='bbox 960 2691 1072 2719; x_wconf 87' lang='lat' dir='ltr'><strong>tamen</strong></span> <span class='ocrx_word' id='word_1_547' title='bbox 1106 2686 1304 2739; x_wconf 79' lang='lat' dir='ltr'><strong>plerumque</strong></span> <span class='ocrx_word' id='word_1_548' title='bbox 1338 2683 1489 2728; x_wconf 84' lang='lat' dir='ltr'><strong>explices</strong></span> <span class='ocrx_word' id='word_1_549' title='bbox 1530 2691 1591 2726; x_wconf 86' lang='lat' dir='ltr'><em>per</em></span> <span class='ocrx_word' id='word_1_550' title='bbox 1629 2679 1764 2723; x_wconf 84' lang='lat' dir='ltr'><strong>ellipsin</strong></span> 
     </span>
     <span class='ocr_line' id='line_1_85' title="bbox 959 2725 1766 2776; baseline -0.009 -12"><span class='ocrx_word' id='word_1_551' title='bbox 959 2731 1054 2765; x_wconf 90' lang='lat' dir='ltr'><strong>verbi</strong></span> <span class='ocrx_word' id='word_1_552' title='bbox 1087 2731 1188 2776; x_wconf 79' lang='lat' dir='ltr'><strong>positi</strong></span> <span class='ocrx_word' id='word_1_553' title='bbox 1214 2730 1249 2763; x_wconf 90' lang='lat' dir='ltr'><em>in</em></span> <span class='ocrx_word' id='word_1_554' title='bbox 1274 2729 1441 2775; x_wconf 79' lang='lat' dir='ltr'><strong>proximo</strong></span> <span class='ocrx_word' id='word_1_555' title='bbox 1468 2739 1500 2761; x_wconf 86' lang='lat' dir='ltr'><em>v.</em></span> <span class='ocrx_word' id='word_1_556' title='bbox 1523 2738 1599 2761; x_wconf 81' lang='lat' dir='ltr'><strong>ann.</strong></span> <span class='ocrx_word' id='word_1_557' title='bbox 1625 2726 1667 2759; x_wconf 80' lang='lat' dir='ltr'><strong>ad</strong></span> <span class='ocrx_word' id='word_1_558' title='bbox 1693 2725 1766 2758; x_wconf 74' lang='lat' dir='ltr'><em>Eu-</em></span> 
     </span>
     <span class='ocr_line' id='line_1_86' title="bbox 964 2770 1763 2822; baseline -0.01 -12"><span class='ocrx_word' id='word_1_559' title='bbox 964 2778 1028 2822; x_wconf 80' lang='lat' dir='ltr'><strong>rip.</strong></span> <span class='ocrx_word' id='word_1_560' title='bbox 1064 2778 1128 2812; x_wconf 87' lang='lat' dir='ltr'><em>Or.</em></span> <span class='ocrx_word' id='word_1_561' title='bbox 1164 2778 1264 2812; x_wconf 86' lang='lat'><strong>1009.</strong></span> <span class='ocrx_word' id='word_1_562' title='bbox 1297 2782 1332 2810; x_wconf 84' lang='lat' dir='ltr'><em>et</em></span> <span class='ocrx_word' id='word_1_563' title='bbox 1369 2776 1552 2809; x_wconf 83' lang='lat' dir='ltr'><strong>Hermann.</strong></span> <span class='ocrx_word' id='word_1_564' title='bbox 1577 2772 1620 2805; x_wconf 80' lang='lat' dir='ltr'><strong>ad</strong></span> <span class='ocrx_word' id='word_1_565' title='bbox 1648 2770 1763 2814; x_wconf 76' lang='lat' dir='ltr'><strong>Viget.</strong></span> 
     </span>
     <span class='ocr_line' id='line_1_87' title="bbox 1024 2816 1762 2872; baseline -0.015 -14"><span class='ocrx_word' id='word_1_566' title='bbox 1024 2825 1102 2858; x_wconf 83' lang='lat'>876.</span> <span class='ocrx_word' id='word_1_567' title='bbox 1141 2843 1181 2848; x_wconf 93' lang='grc'>-</span> <span class='ocrx_word' id='word_1_568' title='bbox 1218 2822 1448 2866; x_wconf 83' lang='grc' dir='ltr'><em>εἰλαπίνη</em></span> <span class='ocrx_word' id='word_1_569' title='bbox 1490 2817 1550 2863; x_wconf 85' lang='grc' dir='ltr'><em>ἠέ.</em></span> <span class='ocrx_word' id='word_1_570' title='bbox 1585 2816 1762 2872; x_wconf 74' lang='lat' dir='ltr'><strong>synizesis.</strong></span> 
     </span>
    </p>
   </div>
   <div class='ocr_carea' id='block_1_28' title="bbox 963 2861 1763 2914">
    <p class='ocr_par' dir='ltr' id='par_1_32' title="bbox 963 2861 1763 2914">
     <span class='ocr_line' id='line_1_88' title="bbox 963 2861 1763 2914; baseline -0.009 -11"><span class='ocrx_word' id='word_1_571' title='bbox 963 2881 994 2902; x_wconf 85' lang='lat' dir='ltr'><em>v.</em></span> <span class='ocrx_word' id='word_1_572' title='bbox 1020 2870 1089 2904; x_wconf 88' lang='grc' dir='ltr'><em>ἸΙ.ι</em></span> <span class='ocrx_word' id='word_1_573' title='bbox 1115 2882 1148 2914; x_wconf 83' lang='lat' dir='ltr'><em>p.</em></span> <span class='ocrx_word' id='word_1_574' title='bbox 1179 2871 1267 2909; x_wconf 64' lang='lat'>181„</span> <span class='ocrx_word' id='word_1_575' title='bbox 1292 2868 1417 2902; x_wconf 79' lang='lat' dir='ltr'><strong>collata</strong></span> <span class='ocrx_word' id='word_1_576' title='bbox 1442 2877 1518 2900; x_wconf 72' lang='lat' dir='ltr'><strong>auin.</strong></span> <span class='ocrx_word' id='word_1_577' title='bbox 1543 2864 1586 2899; x_wconf 80' lang='lat' dir='ltr'><strong>ad</strong></span> <span class='ocrx_word' id='word_1_578' title='bbox 1610 2861 1652 2904; x_wconf 91' lang='grc' dir='ltr'><em>λ,</em></span> <span class='ocrx_word' id='word_1_579' title='bbox 1687 2863 1763 2897; x_wconf 87' lang='grc'><em>138.</em></span> 
     </span>
    </p>
   </div>
   <div class='ocr_carea' id='block_1_29' title="bbox 960 2910 1835 3004">
    <p class='ocr_par' dir='ltr' id='par_1_33' title="bbox 960 2910 1835 3004">
     <span class='ocr_line' id='line_1_89' title="bbox 961 2910 1775 2969; baseline -0.009 -21"><span class='ocrx_word' id='word_1_580' title='bbox 961 2915 1040 2949; x_wconf 88' lang='lat' dir='ltr'><strong>libri</strong></span> <span class='ocrx_word' id='word_1_581' title='bbox 1074 2916 1168 2948; x_wconf 86' lang='lat' dir='ltr'><strong>sere·</strong></span> <span class='ocrx_word' id='word_1_582' title='bbox 1201 2911 1380 2950; x_wconf 84' lang='grc' dir='ltr'><em>εἰλαπίν’</em></span> <span class='ocrx_word' id='word_1_583' title='bbox 1385 2911 1450 2969; x_wconf 81' lang='grc' dir='ltr'><em>ἦε,</em></span> <span class='ocrx_word' id='word_1_584' title='bbox 1481 2911 1592 2964; x_wconf 84' lang='lat' dir='ltr'><strong>quod</strong></span> <span class='ocrx_word' id='word_1_585' title='bbox 1598 2910 1663 2944; x_wconf 76' lang='lat' dir='ltr'><strong>fuit</strong></span> <span class='ocrx_word' id='word_1_586' title='bbox 1687 2919 1775 2941; x_wconf 76' lang='lat' dir='ltr'><strong>cum‘</strong></span> 
     </span>
     <span class='ocr_line' id='line_1_90' title="bbox 960 2954 1835 3004; baseline -0.005 -11"><span class='ocrx_word' id='word_1_587' title='bbox 960 2960 1184 3004; x_wconf 82' lang='lat' dir='ltr'><strong>intelligerem</strong></span> <span class='ocrx_word' id='word_1_588' title='bbox 1219 2962 1388 3004; x_wconf 74' lang='grc' dir='ltr'><em>εἰλαπίνη</em></span> <span class='ocrx_word' id='word_1_589' title='bbox 1418 2957 1459 3000; x_wconf 78' lang='grc' dir='ltr'><em>ὲ,</em></span> <span class='ocrx_word' id='word_1_590' title='bbox 1491 2957 1541 3004; x_wconf 84' lang='grc' dir='ltr'><em>τῷ</em></span> <span class='ocrx_word' id='word_1_591' title='bbox 1579 2969 1593 2991; x_wconf 92' lang='grc' dir='ltr'><em>ε</em></span> <span class='ocrx_word' id='word_1_592' title='bbox 1618 2960 1762 2998; x_wconf 77' lang='lat' dir='ltr'><strong>accepto</strong></span> <span class='ocrx_word' id='word_1_593' title='bbox 1812 2954 1835 2979; x_wconf 96' lang='grc'><em>’3</em></span> 
     </span>
    </p>
   </div>
   <div class='ocr_carea' id='block_1_30' title="bbox 962 3000 1764 3052">
    <p class='ocr_par' dir='ltr' id='par_1_34' title="bbox 962 3000 1764 3052">
     <span class='ocr_line' id='line_1_91' title="bbox 962 3000 1764 3052; baseline -0.019 -4"><span class='ocrx_word' id='word_1_594' title='bbox 962 3018 1023 3052; x_wconf 76' lang='lat' dir='ltr'><em>Pro</em></span> <span class='ocrx_word' id='word_1_595' title='bbox 1058 3005 1101 3050; x_wconf 80' lang='grc' dir='ltr'><em>ἢ,</em></span> <span class='ocrx_word' id='word_1_596' title='bbox 1141 3007 1422 3052; x_wconf 84' lang='lat' dir='ltr'><strong>quemadmodum</strong></span> <span class='ocrx_word' id='word_1_597' title='bbox 1464 3005 1586 3048; x_wconf 83' lang='lat' dir='ltr'><strong>longae</strong></span> <span class='ocrx_word' id='word_1_598' title='bbox 1628 3000 1764 3035; x_wconf 74' lang='lat' dir='ltr'><strong>vocales</strong></span> 
     </span>
    </p>
   </div>
   <div class='ocr_carea' id='block_1_31' title="bbox 1256 1714 1778 1766">
    <p class='ocr_par' dir='ltr' id='par_1_35' title="bbox 1256 1714 1778 1766">
     <span class='ocr_line' id='line_1_92' title="bbox 1256 1714 1778 1766; baseline -0.008 -15"><span class='ocrx_word' id='word_1_599' title='bbox 1256 1731 1276 1760; x_wconf 77' lang='grc' dir='ltr'><em>γ</em></span> <span class='ocrx_word' id='word_1_600' title='bbox 1288 1714 1306 1750; x_wconf 93' lang='lat'><em>6</em></span> <span class='ocrx_word' id='word_1_601' title='bbox 1315 1729 1336 1751; x_wconf 84' lang='grc' dir='ltr'><em>ν</em></span> <span class='ocrx_word' id='word_1_602' title='bbox 1347 1729 1366 1751; x_wconf 92' lang='lat' dir='ltr'><strong>o</strong></span> <span class='ocrx_word' id='word_1_603' title='bbox 1377 1729 1418 1757; x_wconf 85' lang='grc' dir='ltr'><em>ν,</em></span> <span class='ocrx_word' id='word_1_604' title='bbox 1441 1726 1565 1760; x_wconf 84' lang='lat' dir='ltr'><strong>genus,</strong></span> <span class='ocrx_word' id='word_1_605' title='bbox 1589 1714 1778 1766; x_wconf 80' lang='lat' dir='ltr'><strong>parentem.</strong></span> 
     </span>
    </p>
   </div>
   <div class='ocr_carea' id='block_1_32' title="bbox 1818 0 1856 3042">
    <p class='ocr_par' dir='ltr' id='par_1_36' title="bbox 1818 0 1856 3042">
     <span class='ocr_line' id='line_1_93' title="bbox 1818 0 1856 3042; baseline 0 0"><span class='ocrx_word' id='word_1_606' title='bbox 1818 0 1856 3042; x_wconf 95' lang='lat' dir='ltr'><em>  </em></span> 
     </span>
    </p>
   </div>
   <div class='ocr_carea' id='block_1_33' title="bbox 1813 2609 1833 2938">
    <p class='ocr_par' dir='ltr' id='par_1_37' title="bbox 1813 2609 1824 2938">
     <span class='ocr_line' id='line_1_94' title="bbox 1818 2609 1824 2695; baseline 0 -8"><span class='ocrx_word' id='word_1_607' title='bbox 1818 2609 1824 2695; x_wconf 89' lang='grc' dir='ltr'><em>Ι</em></span> 
     </span>
     <span class='ocr_line' id='line_1_95' title="bbox 1817 2692 1823 2727; baseline 0 0"><span class='ocrx_word' id='word_1_608' title='bbox 1817 2692 1823 2727; x_wconf 75' lang='grc' dir='ltr'><em>Ι</em></span> 
     </span>
     <span class='ocr_line' id='line_1_96' title="bbox 1816 2760 1820 2802; baseline 0 -21"><span class='ocrx_word' id='word_1_609' title='bbox 1816 2760 1820 2802; x_wconf 83' lang='lat'><em>.&#39;</em></span> 
     </span>
     <span class='ocr_line' id='line_1_97' title="bbox 1814 2826 1827 2866; baseline 0 0"><span class='ocrx_word' id='word_1_610' title='bbox 1814 2826 1827 2866; x_wconf 86' lang='grc' dir='ltr'><em>Ι</em></span> 
     </span>
     <span class='ocr_line' id='line_1_98' title="bbox 1813 2884 1833 2938; baseline 0 0"><span class='ocrx_word' id='word_1_611' title='bbox 1813 2884 1833 2938; x_wconf 94' lang='grc' dir='ltr'><em>Ι</em></span> 
     </span>
    </p>
   </div>
   <div class='ocr_carea' id='block_1_34' title="bbox 1812 2992 1815 3039">
    <p class='ocr_par' dir='ltr' id='par_1_38' title="bbox 1812 2992 1815 3039">
     <span class='ocr_line' id='line_1_99' title="bbox 1812 2992 1815 3039; baseline 0 0"><span class='ocrx_word' id='word_1_612' title='bbox 1812 2992 1815 3039; x_wconf 92' lang='grc' dir='ltr'><em>Ι</em></span> 
     </span>
    </p>
   </div>
  </div>
 </body>
</html>
