1856 3282
119 138 204 180 254

287 244 495 300 ἡμετέρης
523 244 678 301 ἀρετῆς
708 244 999 300 μεμνημένος,
1030 241 1104 286 οἷοι
1134 245 1208 287 καὶ
1235 243 1340 300 ἡμῖν

173 301 256 344 245
286 301 397 351 Ζεὺς
429 301 494 344 ἐπὶ
525 302 639 369 ε’ργα
657 302 805 356 τίθησι
835 300 1064 355 διαμπερὲς
1092 300 1198 352 ἐξέτι
1226 305 1418 355 πατρῶν.

292 373 345 399 ov
377 356 459 411 γὰρ
490 355 710 412 πυγμάχοι
739 357 854 412 εἰμὲν
884 357 1132 412 α’μύμονες,
1162 357 1266 400 ουδὲ
1297 359 1544 412 παλαισταὶ,

239 412 399 455 *ἄλλά
430 416 533 457 ποσὶ
562 418 784 468 κραιπνῶς
813 413 974 467 θέομεν
1003 414 1075 457 καὶ
1105 414 1264 469 νηυσὶν
1293 414 1481 468 ἄριστοι·

287 469 372 512 αἰεὶ
400 469 441 512 δ’
472 470 577 525 ἡμῖν
607 472 701 519 δαίς
729 486 774 512 τε
804 457 927 524 φίλη,

286 525 440 579 εἵματά
470 527 510 568 τ’
549 527 774 580 ἐξημοιβὰ,
805 526 963 578 λοετρά
991 542 1037 569 τε
1064 528 1233 581 θερμὰ,
1261 527 1334 569 καὶ
1363 525 1497 570 εὐναί.

176 585 260 626 250
291 580 387 624 ἀλλ’
422 582 524 637 ἄγε,
537 582 769 653 ἩΦαιήκων
799 583 1068 639 βητάρμονες
1099 582 1225 626 ὅσσοι
1257 582 1440 637 ἄριστοι,

286 640 491 689 παίσατε,
523 639 581 688 ὥς
611 637 653 693 χ’
684 638 707 682 ὁ
740 641 877 690 ξεῖνος
907 640 1058 695 ἐνίσπῃ
1089 636 1177 681 οἷσι
1207 641 1418 692 φίλοισιν,

289 697 438 738 οἴκαδε
469 694 704 750 νοστήσας,
737 695 872 740 ὅσσον
886 694 1228 766 περιγιγνόμεθ’
1261 696 1406 738 ἄλλων

286 753 511 806 ναυτιλίῃ,
540 752 614 796 καὶ
643 753 796 802 ποσσὶ,
828 752 900 795 καὶ
931 751 1157 807 ὀρχηστυῖ,
1188 752 1263 794 καὶ
1292 750 1437 808 ἀοιδῇ.

287 809 536 880 Δημοδόκῳ
566 808 613 851 δέ
642 825 706 859 τις
737 808 846 860 αἶψα
876 809 985 851 κιών
1013 808 1238 863 φόρμιγγα
1267 811 1433 862 λιγεῑαν

172 865 255 909 255
286 865 460 918 οἰσέτω,
489 867 518 920 ἥ
547 880 636 908 που
665 870 801 908 κεῖται
831 866 878 909 ἐν
905 863 1148 921 ἡμετέροισι
1177 864 1439 920 δόμοισινὲ(

462 966 630 1000 Alcinoi
616 979 714 1017 Jussu
738 967 912 1002 Phaeaces
935 968 1061 1002 saltant
1084 968 1147 1002 sub
1172 969 1193 1003 9
1215 966 1402 1011 judicibus.

352 1042 437 1094 ‘¹539
468 1042 595 1098 ἔφατ’
623 1043 847 1096 ’Λλκίνοος
874 1046 1143 1096 θεοείκελος·
1177 1039 1293 1097 ὦρτο
1324 1044 1370 1087 δὲ
1399 1044 1547 1100 κῆρυξ,

287 1100 425 1144 οἴσων
459 1101 685 1158 φόρμιγγα
713 1102 949 1159 γλαφυρήν
979 1100 1119 1158 δόμου
1149 1101 1196 1145 ἐκ
1225 1104 1446 1157 βασιλῆος.

159 1255 283 1291 244-
291 1255 370 1292 246.
421 1259 493 1292 Am
526 1258 572 1317 Q.
605 1262 640 1292 et
666 1259 732 1293 Ε.
768 1257 852 1293 οἶοι
881 1278 924 1284 --

113 1304 315 1344 πατρῶν.
334 1324 381 1330 —
409 1302 471 1338 οἷα
495 1306 556 1339 και
578 1302 666 1348 ημῖν
684 1302 702 1340 ὁ
726 1305 818 1346 Ζεύς
840 1304 924 1348 ἔργα

113 1347 384 1391 παρεσκεύασεν
408 1349 502 1394 ἔχειν
525 1351 674 1394 χρηστοὶ.
720 1352 768 1385 E:
795 1351 924 1394 ἐξέτι

113 1408 315 1437 πατρων.
354 1396 424 1438 (sic
447 1398 548 1430 etiam
575 1397 619 1437 δ’,
642 1398 732 1438 687.,
757 1409 819 1442 per
841 1409 923 1442 syn-

114 1443 253 1485 copen.)
283 1440 305 1476 ὅ
330 1440 427 1476 ἐστιν
451 1442 490 1478 ἐκ
511 1443 706 1497 προγόνων
727 1443 923 1479 ἀνέκαθεν.

115 1488 158 1520 ab
184 1499 289 1531 usque
311 1491 481 1532 patribus.
507 1509 544 1513 —
583 1488 849 1533 ἀμύμονες,
874 1491 924 1524 ir-

115 1533 333 1577 reprehensi,
360 1536 507 1580 egregii.
542 1534 590 1580 α’,
615 1538 683 1571 232
710 1541 777 1573 etc.

159 1600 238 1636 247.
286 1601 335 1634 ita
360 1602 570 1644 scribamus,
606 1614 761 1636 sermone
788 1604 923 1661 perspi-

114 1659 189 1687 cuo,
211 1649 388 1689 concinno,
407 1649 572 1707 eleganti:
604 1648 696 1684 ἀλλὰ
716 1652 803 1684 ποσι
823 1664 925 1693 κραι-

113 1695 215 1733 πνῶς
238 1693 372 1737 θεέμεν
396 1698 459 1729 καὶ
485 1696 616 1737 νηυσὶν
641 1707 808 1738 αριστοι,
835 1699 868 1731 h.
893 1709 924 1729 e.

114 1737 205 1773 ἀλλὰ
231 1753 290 1780 αρ.
315 1739 449 1783 θεέμεν
473 1754 527 1783 up.
554 1742 691 1775 ποσὶκ.
718 1742 838 1787 νηυσὶ,
863 1743 925 1775 sed

114 1787 284 1828 aptissimi
308 1787 354 1819 ad
377 1789 582 1820 currendum
600 1789 742 1831 pedibus
764 1790 921 1821 navibus-

112 1843 191 1875 que.
222 1843 346 1888 saepe
354 1844 370 1866 ε
395 1839 431 1866 et
452 1845 471 1867 ο
496 1833 636 1867 litterae
660 1835 823 1867 confusae
843 1839 924 1867 sunt

110 1877 145 1910 in
181 1878 280 1910 codd.
323 1876 472 1921 ἄριστος
507 1880 614 1922 νηυσὶ
653 1892 716 1925 pro
756 1883 923 1927 ναυτιλίῃ

111 1924 225 1956 nescio
251 1935 295 1957 an
318 1936 444 1968 graece
470 1924 616 1960 dicatur.

153 1990 236 2026 249.
284 1991 520 2036 improbarunt
542 1994 632 2027 hunc
656 2006 792 2033 versum
815 1995 924 2028 inter-

110 2043 226 2080 pretes
260 2039 429 2080 nonnulli,
465 2039 559 2073 docti
592 2041 642 2074 illi
675 2036 846 2086 quidems
862 2042 922 2075 sed

109 2083 211 2127 paulo
238 2085 465 2118 morosiores.
494 2097 567 2119 nam
590 2087 696 2131 quid,
721 2099 861 2132 quaeso,
885 2088 922 2121 in

109 2140 150 2161 eo
171 2129 270 2169 inest,
296 2141 362 2173 quo
382 2131 579 2165 offendatur
599 2133 817 2177 antiquitatis
837 2145 923 2177 gua-

108 2185 166 2207 rus
192 2186 387 2220 morumque
413 2179 488 2210 aevi
515 2179 719 2212 Homerici?
752 2186 813 2212 aut
839 2183 924 2214 haec

108 2221 139 2253 si
164 2221 372 2263 abhorrent,
411 2223 529 2266 quidni
563 2224 664 2258 etiam
697 2225 755 2259 illa
781 2225 852 2260 αιέὶ
877 2245 923 2250 -

108 2268 216 2310 χοροί
252 2280 289 2302 τε
324 2268 539 2309 damnemus,
588 2282 678 2314 quae
717 2283 792 2304 cum
827 2271 923 2305 hisce

109 2313 293 2356 conjuncta
317 2314 424 2347 sunt?
459 2317 530 2348 Am
555 2315 620 2355 Q.:
645 2316 710 2351 τὸν
735 2314 922 2362 εἰρηνικόν

108 2360 191 2404 βίον
215 2360 326 2404 δηλοῖ
359 2359 423 2394 διὰ
457 2374 601 2395 τουτων
633 2364 708 2396 τῶν
735 2364 920 2398 Φαιάκων.

109 2411 214 2438 recte.
260 2413 385 2440 terram
407 2406 454 2438 illi
480 2408 613 2442 beatam
638 2408 837 2450 incolentes,
863 2414 920 2443 tu-

107 2451 206 2495 tique
229 2452 273 2485 ab
299 2452 444 2485 hostium
464 2452 726 2495 incursionibus,
757 2456 840 2489 nihil
859 2457 918 2489 ha-

108 2497 192 2530 bent
215 2497 307 2542 quod
333 2499 424 2531 serio
451 2506 555 2542 agant
580 2508 718 2544 praeter
740 2513 810 2535 rem
835 2506 919 2535 nmi-

108 2543 231 2583 ticam,
259 2554 402 2586 eamque
426 2543 544 2599 ipsam
559 2546 763 2584 facillimam
812 2548 920 2592 igitur

107 2594 241 2632 tempus
268 2589 376 2633 epulis
396 2590 564 2623 continuis
582 2593 702 2625 transi(
694 2599 788 2636 g‚unt
808 2595 920 2626 cuha-

107 2638 231 2666 roedos
257 2635 451 2679 requirunt,
483 2637 665 2670 saltatione
691 2640 917 2681 delectantur,

105 2679 255 2724 denique
289 2681 376 2713 molli
407 2682 532 2715 vestitu
559 2684 734 2726 gaudent,
769 2686 917 2718 balneis-

106 2737 173 2768 que
197 2732 233 2759 et
257 2737 373 2760 somno
399 2729 473 2768 vel,
501 2728 529 2761 si
553 2730 678 2770 mavis,
706 2731 810 2763 amori
833 2743 916 2775 ope-

105 2782 177 2804 ram
196 2773 288 2805 dant.
315 2774 399 2806 tales
417 2775 572 2817 profecto
590 2775 785 2809 describere
803 2777 916 2810 Phae-

105 2828 185 2850 aces
212 2818 332 2851 debuit
355 2822 468 2862 ροὲιιι,
492 2821 520 2852 si
545 2821 643 2854 modo
667 2822 732 2854 sibi
757 2830 915 2856 constare

106 2863 238 2898 voluit,
271 2875 342 2896 cum
379 2867 580 2908 praesertim
614 2868 734 2900 famam
770 2869 813 2901 de
845 2868 914 2901 illis

106 2915 282 2952 acceptam
315 2911 580 2966 antiquissimam
615 2915 763 2954 referat,
803 2925 914 2958 neque

106 2965 165 2987 eos
201 2956 373 2998 exemplar
405 2958 503 2990 nobis
534 2958 673 2992 virtutis
707 2971 747 2992 ac
782 2963 913 3004 tempe-

108 2999 240 3033 rantiae
264 3008 443 3046 proponat.
491 3005 600 3037 sensit
624 3006 686 3038 hoc
710 3006 842 3049 pridem
868 3006 910 3039 Ε.

751 135 1152 178 ΟΜΗΡΟΥ

965 471 1140 521 κίθαρίς
1169 486 1235 521 τε,
1266 472 1390 526 χοροί
1419 486 1476 522 τε,

971 1257 1106 1292 scilicet
1130 1259 1270 1292 utuntur
1304 1257 1381 1291 istis
1413 1258 1519 1293 rebus
1550 1266 1686 1298 omnes,
1724 1257 1785 1302 qui
1817 1266 1819 1271 ’

971 1305 1074 1338 facile
1098 1304 1241 1346 vivunt3
1275 1309 1417 1337 utuntur
1449 1305 1516 1345 dii3
1551 1308 1692 1336 utuntur
1717 1303 1783 1336 he·
1819 1337 1823 1350 ¹

972 1353 1076 1391 roes3
1103 1350 1224 1395 quidni
1245 1355 1387 1383 utantur
1415 1351 1605 1390 Phaeaces,
1640 1360 1784 1394 quorum
1819 1354 1823 1359 “

974 1398 1045 1429 vita
1065 1397 1252 1430 securitate
1272 1402 1307 1429 et
1329 1396 1461 1429 deliciis
1481 1396 1523 1429 ad
1544 1395 1684 1428 deorum
1703 1407 1783 1440 pro·

972 1442 1061 1475 xime
1079 1442 1252 1475 accedat?
1275 1454 1388 1486 apage
1409 1442 1516 1486 igitur
1536 1441 1698 1481 Catones,
1724 1440 1784 1484 qui
1821 1480 1823 1484 ,

972 1488 1085 1521 luxum
1104 1487 1243 1521 serioris
1261 1489 1425 1532 temporis
1445 1489 1540 1521 hisce
1559 1487 1675 1520 verbis
1691 1497 1783 1520 com-

971 1535 1124 1567 mendari
1162 1540 1296 1578 putant.
1344 1533 1451 1569 nativi
1486 1538 1565 1566 sunt
1592 1533 1784 1566 Phaeacum
1820 1534 1822 1540 '

971 1590 1101 1620 mores,
1127 1580 1356 1613 recentiorum
1383 1579 1530 1612 factitii:
1557 1578 1644 1611 illos
1668 1589 1784 1611 amare

971 1624 1074 1664 licet3
1101 1625 1143 1658 ab
1170 1625 1242 1665 his,
1267 1624 1323 1669 qui
1345 1625 1458 1669 sapit
1485 1624 1682 1659 abstinebit.
1719 1624 1782 1656 ab-
1820 1635 1821 1638 ¹

971 1671 1021 1704 usi
1050 1676 1163 1704 tamen
1188 1650 1280 1704 hisce
1301 1671 1437 1703 Homeri
1462 1670 1578 1703 verbis
1597 1669 1783 1723 Sophistae
1818 1695 1821 1697 .
1851 1714 1854 1721 1

972 1723 1007 1748 et
1034 1716 1241 1749 recentiores
1273 1728 1364 1761 popu
1370 1718 1434 1749 'um
1469 1716 1568 1749 istum
1593 1714 1783 1759 simplicem

971 1767 1077 1805 atque
1112 1763 1326 1796 innocentem
1351 1763 1524 1795 finxerunt
1552 1761 1686 1794 turbam
1721 1760 1782 1793 he-

971 1807 1118 1848 luonum,
1143 1809 1179 1840 in
1202 1815 1279 1841 cute
1305 1808 1460 1840 cotanda
1479 1809 1557 1851 plus
1576 1818 1684 1851 aequo
1701 1817 1784 1851 ope·
1820 1827 1821 1831 =

970 1859 1107 1894 ratam,
1133 1855 1251 1898 cuique
1266 1855 1419 1896 pulcrum
1440 1855 1551 1896 suerit
1575 1853 1722 1886 dormire
1746 1853 1784 1885 ἰπ

970 1902 1101 1933 medios
1136 1901 1227 1939 dies,
1262 1905 1300 1932 ut
1332 1900 1381 1933 ait
1405 1900 1572 1933 Horatius
1602 1898 1743 1954 Epist.
1751 1900 1785 1939 1,

969 1947 1011 1985 2,
1037 1947 1091 1980 29.
1112 1964 1157 1970 —-
1198 1925 1249 1979 Ε.
1274 1944 1513 2000 ἐξημοιβὰ
1537 1943 1630 1988 λέγει
1651 1943 1698 1979 τοὶ
1717 1940 1782 1978 ἅλ-

969 1993 1051 2026 λοτε
1087 1989 1178 2026 ἄλλα
1204 1990 1463 2045 ἀμειβόμενα,
1485 1987 1506 2026 ὃ
1536 1991 1598 2026 καὶ
1631 2003 1783 2033 περιου-

971 2038 1128 2080 σιασμόν
1149 2040 1355 2073 Φαιακικοῦ
1371 2035 1534 2073 πλούτου
1551 2039 1666 2082 δηλοῖ.
1693 2035 1763 2080 (λ’
1742 2050 1783 2091 ⁰,-

973 2083 1079 2127 ετρᾶ
1104 2097 1149 2119 τε
1173 2084 1340 2128 θερμοι
1379 2096 1412 2118 V.
1434 2083 1480 2127 κ’,
1499 2085 1621 2118 358-
1630 2084 1712 2123 363,
1736 2081 1780 2122 τ’

970 2130 1142 2174 388.)τό
1170 2129 1211 2165 δε
1235 2131 1312 2166 καὶ
1338 2127 1478 2165 ενναὶ
1503 2130 1643 2174 σεμνοῦ
1666 2127 1780 2186 λόγου

970 2174 1066 2211 ἔστί·
1093 2178 1203 2221 δηλοῖ
1225 2190 1293 2220 γαρ
1318 2174 1385 2218 οὐχ
1405 2173 1529 2217 ἁπλοῖς
1553 2177 1692 2215 κοίτας,
1716 2174 1779 2209 ἅλ-

970 2221 1016 2256 λα
1042 2225 1105 2257 καί
1130 2237 1163 2257 τι
1188 2223 1319 2265 πλέον,
1354 2222 1389 2257 εἰ
1414 2219 1484 2280 χρὴ
1517 2223 1656 2266 σεμνῶς
1681 2219 1781 2266 φρά-
1819 2234 1823 2242 ’

971 2280 1033 2304 σαι
1058 2267 1099 2303 τὸ
1125 2268 1268 2313 σεμνόν.
1301 2268 1367 2302 imo
1392 2270 1433 2303 τό
1460 2268 1631 2312 ἄσεμνον.
1817 2308 1820 2310 ,

1015 2316 1228 2350 250—265.
1277 2317 1347 2348 Am.
1374 2314 1436 2347 B.:
1460 2314 1779 2373 βητάρμονες.

967 2359 1072 2403 παρὰ
1097 2361 1138 2395 τὸ
1166 2360 1203 2395 ἐν
1229 2358 1389 2407 ἁρμονίᾳ
1413 2361 1577 2404 βαίνειν,

967 2409 1108 2451 χησταί
1137 2407 1294 2441 similiter
1310 2398 1514 2440 aliiScholl.
1534 2411 1568 2440 et
1586 2409 1650 2452 Ap.
1670 2406 1779 2440 Phae-
1820 2435 1822 2438 ,

968 2465 1063 2487 acum
1078 2452 1318 2494 saltationem
1309 2464 1342 2485 ιιι
1361 2453 1484 2487 throno
1498 2453 1663 2498 Apollinis
1678 2454 1781 2496 Amy·
1820 2460 1825 2487 ἶ

967 2499 1053 2533 claei
1080 2492 1264 2533 effinxerat
1291 2498 1477 2542 Bathycles
1501 2500 1647 2543 Magnes
1666 2498 1779 2542 (circa
1820 2518 1822 2522 ν

968 2546 1025 2579 Ol.
1043 2547 1099 2581 29.
1125 2545 1309 2579 secundum
1331 2544 1514 2579 'l'hiersclr
1534 2546 1692 2588 Epochen
1715 2544 1778 2577 der
1818 2568 1821 2590 3

966 2591 1079 2625 Kurist
1111 2593 1143 2626 2.
1182 2603 1215 2635 p.
1250 2592 1329 2629 53.‚
1353 2591 1410 2625 40.
1451 2592 1635 2625 secundum
1664 2589 1777 2632 Sillig.

967 2638 1078 2670 Garat.
1112 2638 1210 2675 artis*
1247 2648 1281 2681 p.
1315 2636 1420 2676 105„

965 2695 1051 2717 aevo
1076 2695 1144 2716 sec.
1171 2683 1290 2726 Bottig
1279 2693 1341 2715 rer.
1370 2682 1535 2716 Andeutt.
1569 2684 1600 2716 1.
1624 2681 1775 2715 Abtheil.

964 2739 999 2773 p.
1017 2730 1109 2772 51.)‚
1135 2695 1289 2763 auctoreg⁵
1298 2728 1477 2762 Pausania
1492 2729 1527 2770 3,
1554 2729 1608 2768 18,
1635 2727 1666 2762 7.
1693 2726 1776 2769 (καὶ
1815 2734 1823 2768 ,’

965 2773 1140 2809 Φαιάκων
1162 2774 1274 2818 χορός
1296 2772 1394 2808 ἐστιν
1417 2774 1478 2809 ἐπὶ
1501 2775 1552 2818 τῷ
1574 2771 1715 2818 θρόνῳ,
1741 2787 1774 2807 κ-

962 2818 1065 2866 ᾇὸων
1100 2818 1119 2855 ὁ
1146 2820 1398 2866 Δημόδοκος.)
1424 2838 1470 2844 -
1515 2819 1642 2854 sehon.
1680 2821 1774 2852 Am.·

962 2868 1260 2922 αἰσυμνῆται
1293 2864 1342 2901 δὲ
1377 2867 1549 2905 κοιτοι.
1609 2865 1647 2900 οὶ
1680 2863 1773 2906 πρὸς
1814 2874 1821 2902 t

956 2910 1064 2957 ἡμῶν
1102 2913 1291 2957 λεγόμενοι
1325 2911 1544 2967 βραβενπαι
1559 2923 1592 2945 κ.
1630 2908 1774 2954 ἄγωνο-
1815 2919 1819 2949 ²,

959 2962 1080 2999 θέται,
1110 2959 1192 3005 ἴτοι
1213 2960 1408 2995 ἐπίσκοποι
1433 2960 1502 2992 τοῦ
1520 2955 1676 3013 α’γωνος.
1711 2957 1775 2992 καὶ
1814 2960 1819 3003 ξ

958 3008 1097 3051 γίνεται
1122 3004 1197 3041 απὸ
1222 3007 1292 3042 τοῦ
1314 3006 1450 3045 αἴσιον,
1477 3002 1559 3049 ἦτοι
1583 3001 1626 3039 τὸ
1649 3004 1774 3038 καθῆ-

1612 2357 1693 2406 ἧτοι
1719 2357 1780 2402 ὄρ·
1819 2374 1822 2379 ·

1453 2637 1511 2671 50.
1550 2637 1608 2671 vel
1639 2635 1777 2669 Solonis
1822 2636 1827 2642 ⁴
