1856 3282
161 122 244 173 200

778 122 1164 167 ΟΜΗΡΟΥ

218 234 299 279 875
327 231 520 288 ἔρχομαι,
552 233 588 276 εἰ
615 232 673 303 μή
703 232 792 278 πού
819 249 859 276 τι
887 233 1114 287 περίφρων
1143 230 1415 303 Πηνελόπεια

326 289 502 359 ἐλθέμεν
531 288 785 360 ὀτρύνῃσιν,
812 289 879 333 ὅτ’
907 288 1078 344 ἀγγελίη
1108 288 1247 330 ποθὲν
1280 288 1411 331 ἔλθοι.

325 342 419 387 ἄλλ’
451 347 494 388 οἱ
524 346 602 413 μὲν
629 347 681 389 τὰ
711 346 866 389 ἕκαστα
894 345 1133 401 παρήμενοι
1158 344 1413 414 ἐξερέουσιν,

324 399 430 470 ἡμὲν
459 403 502 444 οἳ
530 401 736 474 ἄχνυνται
765 401 846 456 δήν
876 402 1120 469 οἰχομένοιο
1150 399 1349 452 α’νακτος,

324 455 397 509 ηδ’
429 459 472 500 οἳ
498 460 724 513 χαίρουσιν
753 460 903 528 βίοτον
931 457 1146 513 νήποινον
1176 456 1354 507 ε’δοντες.

215 516 295 557 880
323 510 418 555 ἀλλ’
433 514 541 584 ἐμοὶ
570 514 622 558 οὐ
653 516 782 570 φίλον
809 513 897 556 ἐστὶ
925 517 1180 583 μεταλλῆσαι
1208 513 1280 556 καὶ
1309 513 1494 566 ἔρεσθαι,

322 568 366 620 ἐξ
394 572 449 612 οὐ
480 568 535 639 δή
565 570 614 626 μ’
641 568 830 621 Αἰτωλὸς
861 568 970 625 ἀνήρ
997 569 1185 624 ἐξήπαφε
1211 568 1356 638 μύθῳ,

324 624 373 674 ὅς
402 623 445 679 ῥ’
476 625 614 696 ἄνδρα
641 628 831 676 κτείνας,
862 625 1027 695 πολλήν
1056 627 1124 669 ἐπὶ
1151 630 1281 696 γαῖαν
1312 624 1498 679 ἄληθεὶς,

318 679 450 737 ἤλυθ’
480 681 559 737 ἐμοὶ
587 682 695 737 πρὸς
725 680 891 736 δώματ’
906 696 914 706 ·

948 682 1028 754 ἐγώ
1060 682 1106 725 δέ
1135 698 1210 737 μιν
1239 680 1568 736 ἀμφαγάπαζον.

321 740 384 792 φῆ
412 737 459 781 δέ
472 754 577 809 ,μιν
589 754 636 782 εν
664 738 878 809 Κρήτεσσι
907 738 1016 792 παρ’
1040 738 1252 793 Ἶδομενῆὶ
1281 738 1448 780 ἰδέσθαι

212 796 292 840 885
321 797 428 849 νῆας
457 791 734 865 ἀκειόμενον,
771 811 848 846 τας
878 797 920 838 οἱ
950 794 1158 847 ξυνέαξαν
1188 794 1353 837 ἄελλαι·

320 850 392 894 καὶ
423 848 528 904 φάτ’
558 850 834 903 ἐλεύσεσθαι,
869 850 899 906 ἢ
928 851 970 901 ἐς
999 852 1150 904 θέρος,
1181 851 1209 906 ἢ
1238 850 1280 900 ἐς
1309 847 1500 904 ὀπώρην,

320 905 456 949 πολλὰ
483 904 669 960 χρήματ’
700 905 885 960 ἄγοντα,
916 907 998 950 συν
1028 907 1245 957 α’ντιθέοις
1274 905 1474 958 ἑταροισι

274 969 293 990 ‘
321 962 393 1005 καὶ
421 960 496 1012 σύ,
525 961 654 1016 γέρον
682 963 978 1013 πολυπενθές,
1010 963 1098 1005 επεί
1127 963 1175 1005 σέ
1207 978 1282 1016 μοι
1310 961 1443 1031 η’γαγε
1473 961 1655 1016 δαίμων,

321 1016 421 1086 μήτι
450 1017 491 1059 τί
518 1034 592 1071 μοι
621 1019 828 1067 ψεύδεσσι
858 1019 1053 1088 χαρίζεο,
1082 1017 1187 1074 μήτε
1215 1035 1254 1060 τι
1281 1023 1333 1060 θε
1324 1019 1434 1072 '’l-ys

212 1079 293 1119 590
323 1072 377 1115 οὐ
406 1088 490 1128 γαρ
521 1072 695 1117 τούνεκ’
728 1072 812 1129 ἐγώ
842 1074 882 1117 σ’
913 1074 1200 1145 αἰδέσσομαι,
1220 1072 1322 1116 οὐδὲ
1351 1072 1552 1129 φιλήσω,

323 1129 431 1173 ἀλλὰ
459 1130 546 1172 Δία
576 1129 715 1182 ξένιον
745 1131 914 1183 δείσας,
945 1130 1082 1173 αὐτόν
1110 1129 1149 1173 τ’
1183 1129 1437 1184 ἐλεαί.“ρων

390 1254 534 1300 Ulysses
557 1254 741 1290 Eumaeum
765 1255 949 1302 sponsione
973 1257 1158 1300 provocat,
1182 1265 1221 1289 se
1244 1265 1359 1290 verum
1384 1254 1524 1292 dixisse.

370 1342 489 1412 sTdv
519 1342 557 1388 δ’
589 1343 936 1417 απαμειβόμενος
965 1343 1166 1401 προσέφη
1194 1343 1432 1415 πολύμητις
1456 1343 1712 1397 Ὀδυσσεύς·

320 1392 386 1470 ,,ἦ
414 1401 527 1471 μάλα
559 1401 622 1451 τίς
649 1418 718 1471 vpr
729 1403 890 1471 θυμὸς
919 1403 982 1446 ἐνὶ
1012 1402 1247 1457 στήθεσσιν
1277 1401 1468 1452 ἄπιστος,

320 1451 417 1499 οἷόν
447 1455 494 1500 σ’
522 1454 623 1501 οὐδ’
656 1455 819 1515 ὀμόσας
848 1474 930 1514 περ
961 1458 1202 1516 ἐπήγαγον,
1232 1457 1336 1502 οὐδέ
1366 1471 1413 1503 σε
1440 1458 1591 1502 πείθω-

152 1611 377 1662 ἐπιστρέφων
400 1615 472 1671 εἰς
482 1615 548 1662 τήν
570 1614 696 1658 πόλιν,
722 1611 949 1672 ἀποτετραμ-

150 1663 258 1720 μένος
274 1665 354 1719 τῆς
361 1665 430 1699 τοῦ
448 1658 574 1704 ἄστεος
593 1660 810 1720 ἆναστροφι,
813 1671 848 1703 ς·
874 1676 950 1697 αυ-

151 1708 240 1752 τοὶρ
263 1727 307 1736 -·
331 1707 402 1745 ἀπ.
425 1727 470 1735 ·-·
506 1707 550 1744 οὶ
573 1721 670 1752 μεν,
695 1709 759 1749 illi,
785 1708 845 1753 qui
870 1712 949 1742 sunt

152 1755 241 1790 domi
264 1755 354 1809 apud
379 1754 590 1812 Penelopen,
613 1754 796 1788 familiares
819 1753 949 1788 scilicet

152 1805 189 1835 et
215 1800 320 1860 proci.
346 1819 390 1825 —-
429 1798 671 1844 ἄχνυνται.
706 1801 772 1836 172
803 1804 870 1833 etc.
905 1817 949 1823 —

151 1843 242 1889 δὴν
265 1846 353 1890 οἰχ.
377 1843 421 1891 β’,
445 1846 512 1880 215
532 1844 950 1901 etc.genit.causam1n-

151 1891 280 1926 dicans.
304 1910 347 1916 -
382 1892 550 1936 βίοτον
573 1890 675 1935 νήπ.
701 1889 759 1925 ἔδ.
799 1889 845 1932 α’,
871 1892 947 1925 160.

151 1955 194 1963 -
218 1939 403 1981 μεταλλ.
426 1950 461 1972 κ.
483 1935 691 1982 ἔρεσθαι
723 1933 765 1978 γ’,
791 1937 846 1976 69,
869 1935 949 1977 243,

151 1981 197 2024 θ’,
219 1984 286 2018 362
307 1987 374 2018 etc.
400 2001 445 2008 —-
481 1989 604 2028 argute
627 1983 676 2016 E:
713 1980 801 2024 ὅρα,
827 2000 869 2006 —-—
894 1979 950 2016 ὅτι

151 2028 214 2064 καὶ
241 2027 261 2064 ὁ
291 2030 460 2069 τοιοῦτος
485 2026 686 2068 Αἰτωλὸς
716 2026 810 2063 κατὰ
833 2025 949 2071 Κρή-

151 2087 236 2119 την
269 2076 487 2130 σκηνοβατεῖ
516 2073 563 2109 τὰ
593 2073 679 2110 κατ’
713 2072 827 2108 αὐτὸν
859 2072 950 2116 ψεύ-

152 2131 283 2178 quara.
328 2120 378 2177 μή
412 2132 501 2156 ποτε
542 2118 583 2155 δὲ
614 2119 676 2156 καὶ
708 2117 858 2176 ενφυῶς
888 2119 949 2153 καὶ

152 2166 303 2207 ἀστείως
325 2165 367 2202 τὸ
390 2168 562 2202 τοιοῦτον
584 2164 736 2202 ἐθνικόν
765 2163 784 2201 ὁ
810 2165 950 2199 Αἰτω-

151 2212 232 2254 λὸς
265 2211 410 2266 ἐπελέγη
441 2212 478 2247 ἐκ
509 2225 583 2246 των
612 2210 730 2247 ἄλλων
754 2210 874 2245 έθνῶν
897 2210 948 2267 τῷ

150 2258 299 2303 ποιητῇ,
324 2258 387 2304 ἵνα
408 2257 473 2293 τὸν
493 2256 645 2302 ἐπαίτην
665 2254 820 2301 δηλωση.
861 2254 949 2291 κᾶν-

151 2305 284 2339 τεῦθεν
314 2296 384 2339 καὶ
405 2301 425 2339 ὁ
450 2303 619 2348 Κωμικὸς
651 2304 759 2348 (Equ.
784 2303 881 2346 79),
903 2321 949 2327 —

151 2348 209 2387 τοὶ
233 2347 351 2404 χεῖρ’
378 2347 425 2384 ἐν
449 2349 689 2391 Αἰτωλοῖς,
704 2367 749 2373 -—-
773 2348 835 2382 ἵνα
857 2359 949 2382 σκω-

151 2395 287 2436 πτικῶς
308 2393 452 2449 δηλώσῃ
474 2393 538 2430 τὸν
556 2398 637 2434 ταῖς
658 2393 776 2438 χερσιν
800 2395 949 2429 αἰτοῦν-

151 2453 198 2477 τα
219 2445 287 2477 etc.
302 2441 633 2507 epigrammatarius
653 2440 945 2475 Anth.Pa1at.1.

151 2488 311 2542 p.102.=
341 2486 683 2542 Αντιγόνη,Σικελή
707 2484 824 2528 πάρος
846 2481 949 2542 ἦσθά

151 2542 236 2576 μοι·
270 2529 320 2573 ὡς
343 2529 384 2567 δ’
409 2531 586 2588 ἐγενήθης
608 2529 811 2575 Αἰτωλή,
848 2528 946 2575 κοῖγω

151 2577 313 2623 Μῆδος
343 2576 427 2614 ἰδου
458 2577 599 2622 γέμουσι
629 2596 673 2601 -
718 2575 947 2621 ἐξήπαφε.

152 2635 280 2667 augere
312 2635 442 2658 sensum
467 2623 623 2658 videatur
647 2622 877 2676 praepositio,
909 2627 946 2656 ut

152 2668 255 2710 alian
288 2674 382 2702 certe
418 2670 534 2705 versui
569 2669 686 2704 servit.
736 2679 769 2700 v.
805 2668 947 2702 inferius

151 2714 242 2754 490,
263 2710 328 2770 ψ’,
340 2715 427 2756 216,
455 2712 508 2754 λ’,
531 2716 610 2750 216.
634 2733 679 2738 -
723 2709 805 2757 ἐμοι
829 2713 948 2754 πρός

152 2756 340 2800 δωματῖ
380 2759 431 2792 ita
456 2760 608 2794 meliores
631 2758 736 2799 libri,
770 2759 805 2792 in
828 2758 946 2799 quibus

153 2806 192 2838 A.
215 2806 273 2841 2.
302 2809 537 2850 praeterquam
568 2804 659 2850 quod
690 2783 791 2837 ha’bet
820 2800 945 2848 ἦ,λθεν

153 2852 223 2882 Am.
249 2849 298 2892 B,
323 2849 398 2883 Ald.
421 2851 454 2884 3
499 2850 559 2885 sed
583 2850 617 2884 E:
638 2856 673 2884 et
697 2817 841 2883 mediaen
849 2853 946 2883 aeta-

154 2894 199 2927 tis
220 2894 310 2935 edd„
329 2894 482 2939 Bergler.
474 2919 497 2937 .,
517 2896 586 2930 CL·
609 2892 725 2940 ἤλυθ’
745 2892 838 2939 ἐμόν
856 2893 948 2939 πρὸς

995 1613 1186 1659 σταθμὸν.
1224 1626 1324 1660 quam
1354 1614 1577 1660 scripturam,
1613 1618 1658 1651 ab
1688 1617 1797 1652 inter-

995 1669 1112 1707 prete,
1135 1660 1203 1694 nisi
1225 1661 1344 1701 fallor,
1369 1662 1575 1706 profectam,

995 1708 1086 1741 ravit
1104 1707 1218 1740 Schol.
1243 1706 1371 1740 codicis
1388 1709 1459 1740 Am.
1477 1708 1516 1741 B.
1537 1727 1582 1733 —
1605 1709 1657 1742 E:
1681 1708 1798 1754 ἀμφ-

996 1751 1241 1795 αγιὶπαζον
1286 1752 1349 1794 (11.
1381 1751 1441 1793 π’,
1478 1755 1584 1810 192).
1625 1754 1799 1810 ἐφίλουν,

995 1796 1332 1843 ἐφιλοφροιοιᾛμην
1347 1817 1385 1823 -
1408 1801 1485 1844 Apa
1503 1798 1796 1844 ἀκειόμενον.

996 1844 1176 1887 ἰώμενον,
1217 1859 1249 1878 κ.
1283 1842 1578 1886 ἐπισκευάζοντα.
1634 1846 1693 1883 ἐπὶ
1731 1861 1800 1892 μεν

996 1893 1065 1925 τοῦ
1083 1890 1250 1934 ἰώμενον,
1278 1889 1387 1925 ἕλκε’
1416 1891 1511 1934 (MS.
1535 1891 1638 1934 ἕκος
1663 1905 1725 1939 pro
1744 1893 1798 1930 ἕλ-

996 1938 1077 1980 κος)
1103 1950 1166 1970 ακ.
1191 1937 1248 1980 (Il.
1271 1933 1318 1976 π’,
1344 1936 1429 1992 29)·
1460 1936 1520 1973 ἐπὶ
1553 1938 1593 1974 δὲ
1626 1941 1697 1977 τοῦ
1717 1939 1799 1975 ἐπι-

997 1982 1238 2025 σκευάζοντα,
1265 1984 1380 2026 νῆας
1405 1979 1466 2019 οἰκ.
1515 1986 1556 2022 A.
1583 1988 1635 2020 1..
1672 1983 1799 2022 οἰκειώ-

995 2042 1127 2073 μενον,
1158 2030 1200 2063 de
1233 2039 1298 2073 quo
1323 2040 1355 2063 V.
1380 2028 1492 2072 He5n.
1523 2030 1567 2064 ad
1591 2031 1630 2067 11.
1653 2031 1716 2074 π’,
1738 2035 1796 2068 29.

996 2095 1041 2100 -
1073 2075 1328 2130 ξυνέαξαν,
1363 2078 1626 2129 confregerant,
1658 2078 1797 2113 confre-

995 2121 1135 2164 gissent.
1176 2121 1216 2154 11.
1242 2118 1294 2162 ν’,
1322 2120 1403 2161 166,
1435 2119 1487 2162 λ’,
1512 2121 1589 2156 114.
1613 2139 1657 2148 —-
1692 2124 1795 2157 Sch.

996 2166 1200 2211 ὀπώρην.
1225 2164 1284 2210 (λ’,
1304 2145 1403 2210 191.)
1423 2167 1493 2202 νῦν
1512 2167 1554 2202 τὸ
1571 2166 1797 2213 μετόπωρον.

1040 2236 1119 2270 338.
1167 2235 1331 2279 quomodo
1363 2233 1424 2269 καὶ
1448 2233 1513 2276 συ,
1547 2241 1581 2270 et
1603 2241 1659 2278 tu,
1690 2239 1796 2272 etiam

995 2285 1052 2321 tu,
1085 2280 1156 2313 scil.
1182 2286 1220 2314 ut
1247 2281 1385 2314 Aetolus
1408 2281 1486 2323 ine,
1523 2281 1620 2325 quasi
1651 2282 1681 2316 is
1713 2295 1796 2319 vera

995 2326 1140 2365 dixerit,
1187 2337 1260 2359 cum
1292 2331 1410 2359 contra
1442 2326 1506 2367 sit,
1542 2328 1693 2372 nolitque
1718 2329 1795 2363 Eu-

994 2382 1108 2404 maeus
1132 2372 1261 2416 pariter
1285 2371 1417 2405 mentiri
1443 2372 1608 2406 dominum
1628 2379 1795 2408 transmu-

993 2418 1128 2450 tatum?
1166 2423 1224 2450 aut
1249 2417 1325 2459 hic,
1361 2421 1419 2450 aut
1443 2428 1625 2462 nusquam,
1660 2420 1794 2454 librarii

993 2473 1056 2506 per
1079 2462 1310 2496 oscitationem
1335 2462 1546 2506 scripserunt
1566 2444 1627 2499 καί
1650 2477 1710 2510 pro
1730 2463 1793 2508 ὥς,

994 2519 1079 2551 quas
1111 2508 1249 2541 voculas
1284 2515 1398 2541 notum
1431 2513 1485 2541 est
1509 2511 1614 2553 per-mi
1618 2511 1716 2544 sceri.
1756 2523 1792 2545 v,

993 2564 1069 2587 ann.
1095 2553 1136 2586 ad
1171 2553 1223 2594 δ’,
1247 2554 1327 2588 343.
1376 2558 1471 2587 certe
1501 2555 1706 2598 aptissimum
1737 2563 1792 2591 est

995 2611 1051 2638 ως
1074 2610 1147 2639 συ,
1172 2599 1385 2643 quamobrem
1410 2604 1459 2639 tu,
1485 2604 1551 2633 etc.
1575 2620 1621 2626 —
1653 2605 1792 2637 πολυ-

992 2642 1178 2686 πενθὲς,
1203 2655 1412 2678 aerumnose.
1438 2642 1566 2689 ψ’,,15
1590 2646 1630 2680 11.
1654 2645 1790 2689 2‚563.

1037 2712 1155 2747 389—
1166 2712 1244 2747 402.
1292 2710 1449 2756 θέλγε,
1483 2713 1606 2748 delent.
1647 2714 1702 2758 α’,
1733 2716 1790 2758 57,

991 2755 1034 2801 γ’,
1051 2756 1197 2792 264etc.
1234 2758 1286 2791 E:
1311 2757 1438 2813 μηΗδέ
1449 2771 1492 2793 τι
1513 2759 1664 2815 θέλγε.
1687 2773 1791 2796 τουτ-

992 2804 1087 2837 ἐστιν
1108 2801 1243 2838 ἀπάτα.
1254 2822 1301 2828 --
1325 2801 1469 2839 αὐτόν
1493 2801 1530 2838 τ’
1554 2803 1789 2849 ἐλεαίρων.

991 2846 1107 2892 ἤγουν
1131 2848 1179 2883 σε’.
1197 2868 1242 2873 -
1275 2847 1400 2891 οἷον,
1424 2862 1486 2891 ως.
1523 2862 1557 2884 v·
1582 2850 1627 2892 α’,
1646 2852 1726 2888 410.
1745 2871 1788 2876 -

992 2893 1251 2940 ἐπήγαγον,
1275 2875 1418 2930 addus’i.
1441 2913 1485 2921 -
1522 2896 1578 2929 Ε·
1610 2894 1720 2934 ον’δέ
1742 2908 1789 2933 σε

1600 1675 1640 1697 co
1644 1674 1798 1698 mmemo-
1855 1676 1856 1686 ¹
