1846 3282
510 145 1100 187 ΟΔΤΣΣΕΙΑΣ
1155 145 1212 184 Η.

202 254 339 300 ὅσσον
374 256 563 325 Φαίηκες
591 255 691 310 περὶ
719 253 898 298 πάντων
924 254 1063 321 ἴδριες
1092 250 1273 306 ἀνδρῶν

186 317 290 367 -νῆα
319 312 436 368 θοὴν
466 313 530 355 ἐνὶ
559 312 708 368 πόντῳ
730 310 989 366 ἐλαυνέμεν,
1019 307 1079 358 ὣς
1111 309 1159 352 δὲ
1187 312 1393 362 γυναῖκες

90 375 169 414 110
201 369 324 412 ἱστὸν
351 373 575 441 τεχνῆσαι·
608 369 708 424 πέρι
735 367 820 424 γάρ
850 380 978 423 σφισι
1006 368 1149 409 δῶκεν
1173 363 1338 420 Ἀθήνη

201 427 306 482 ἔργα
335 424 376 469 τ’
407 427 666 470 ἐπίστασθαι
694 424 979 481 περικαλλέα,
1009 422 1086 466 καὶ
1113 421 1282 478 φρένας
1311 417 1486 469 ἐσθλας

30 560 245 603 καιροσέων,
270 571 357 606 quae
369 559 562 595 Aristarchi
579 559 754 605 scriptura
765 568 842 593 esse

31 608 171 648 dicitur,
194 608 528 665 Ρῐοκαιρουσσέων,
547 607 704 647 nifallor,
725 616 841 651 quem-—

31 654 209 688 admodum
226 653 308 698 βοσι
329 666 390 699 pro
410 654 520 700 βουσὶ
543 654 590 698 [ν.
603 653 740 686 Jacobs.
761 663 838 685 ann.

29 701 74 733 ad
99 700 236 733 Anthol.
263 700 334 736 Pal.
355 712 388 745 p.
414 701 510 743 374]
540 705 575 732 et
593 698 716 732 similia
740 697 840 730 dixe-

28 747 142 789 runt.)
185 744 258 780 ἀπὸ
287 746 424 791 μέρους
463 744 504 781 δὲ
534 745 601 780 τοῦ
629 744 841 789 μιτώματος

25 792 118 831 τούς
168 788 279 832 ὅλους
321 792 416 838 avion
420 795 471 834 εἴς
516 792 618 835 λέγει.
676 801 839 833 καιρο-

29 836 145 873 σέων
169 838 239 882 γάρ
263 840 337 873 τῶν
362 839 401 873 εὐ
429 835 707 891 κεκαιρωμένων
723 850 754 871 κ.
775 849 838 870 ευ-

29 886 152 926 φυών.
165 903 210 909 -
229 884 272 920 τό
290 885 329 920 δὲ
353 883 665 930 απολείβεται
689 880 838 928 579611

29 930 193 966 ἔλαιον
219 929 304 975 ἦτοι
328 929 446 970 οὕτως
469 930 564 974 ἦσαν
587 931 723 965 πυκναὶ
750 931 837 972 (tam

31 977 202 1014 densae)
191 991 263 1018 ως
284 977 378 1020 μηδὲ
404 977 526 1011 ἔλαιον
552 974 606 1011 δι’
632 975 758 1010 αὐτῶν
783 974 835 1009 ἐλ-

25 1025 136 1058 θεῖν·
160 1037 184 1067 η
208 1023 349 1066 ἔξωθεν
368 1020 418 1063 ὠς
442 1023 566 1058 ἔλαιον
585 1021 749 1068 ἔστιλβον
774 1018 838 1056 διὰ

27 1067 99 1112 τήν
121 1069 344 1112 λευκότητα·
341 1066 393 1126 ἢ
417 1070 595 1125 τρυφεραὶ
615 1070 761 1111 (mona,
776 1069 838 1101 de-

23 1114 152 1148 licatae
173 1118 315 1172 vestes)
334 1111 448 1160 ἦσαν,
483 1113 533 1157 ὥς
557 1118 682 1151 δοκεῖν
711 1114 837 1149 ελαιον

26 1159 220 1217 ἀποῤῥεῖν,
245 1159 268 1206 ἢ
294 1160 526 1214 ἀποστίλβειν
549 1158 670 1203 ου’τως
692 1158 758 1197 τόν
776 1162 837 1202 μί-

23 1220 114 1250 τον,
147 1205 200 1248 ὥς
232 1210 357 1244 δοκεῖν
389 1208 512 1243 ἔλαιον
535 1208 639 1251 ἔχειν.
680 1207 838 1240 similiter

25 1253 78 1287 E:
103 1272 150 1278 —-
164 1251 196 1311 ἢ
219 1256 282 1290 καὶ
308 1254 351 1291 τὸ
376 1257 522 1300 στίλβον
542 1254 606 1291 ὃιοὶ
625 1252 837 1296 λευκότητα.

26 1299 116 1339 ἴσως
138 1297 179 1336 δε
199 1302 263 1336 καὶ
283 1300 399 1341 ἄλλως
415 1304 572 1356 στίλβειν
597 1301 634 1335 αἱ
664 1301 836 1334 τοιαῦται

25 1345 198 1401 λέγοιντο
225 1343 273 1381 ἂν
306 1346 464 1388 όθόιαι,
496 1361 546 1389 ως
579 1348 680 1389 εἴπερ
715 1346 837 1381 ἔλαιον

27 1391 154 1428 αὔταῖν
175 1389 380 1450 ἆττελείβετο
396 1393 459 1428 δια
477 1393 519 1429 τὸ
543 1392 724 1430 στιλπνὸν,
744 1394 839 1435 χραῖ-

26 1451 81 1495 μα
111 1452 187 1474 των
223 1441 468 1482 νεούφοὶντων
495 1442 555 1474 καὶ
588 1439 641 1474 ἑτι
669 1438 840 1474 οἷπλύτων

27 1483 273 1543 νφασμοὶτων.
297 1484 355 1521 ότι
378 1486 418 1522 δὲ
443 1487 504 1522 καὶ
533 1487 672 1529 θρόνοι
698 1487 839 1520 λίθινοι

29 1530 131 1568 ου’τω
166 1534 374 1586 στίλβουσιν
405 1532 443 1568 ἐκ
481 1546 546 1577 trs
575 1533 670 1567 κατοὶ
702 1544 839 1575 συχνην

26 1578 259 1622 παράτριψιν
282 1578 495 1619 λειάνσεως,
526 1579 563 1613 οἱ
594 1577 687 1613 κατὰ
710 1578 836 1612 Πύλον

25 1623 237 1670 μαρμάρεοι
265 1625 401 1682 θρόνοι
426 1624 626 1668 ἐδήλωσαν.
669 1624 756 1657 dicit
778 1624 837 1657 illa

25 1671 68 1716 γ’,
92 1672 197 1706 4o<5.=
235 1670 321 1706 κατ’
350 1669 419 1730 ἄρ’
455 1670 546 1713 ἕζετ’
584 1669 645 1706 ἐπὶ
679 1672 837 1713 ξεστοῖσι

25 1719 209 1759 λίθοισιν,
249 1719 304 1753 Οἵ
325 1718 361 1753 οἱ
384 1717 470 1753 ἔσαν
503 1717 741 1777 προπάροιθε
763 1719 837 1750 θυ-

26 1762 136 1818 ράον
159 1760 364 1808 υψηλιίων,
399 1765 556 1806 Λευκοὶ,
594 1763 836 1807 αποστίλβον-

24 1822 86 1851 τες
112 1806 325 1853 animatae.
372 1810 576 1845 densitatem
601 1811 746 1844 telarum
767 1809 836 1843 dici

26 1857 219 1891 arbitreris-
267 1858 319 1892 N:
345 1881 400 1898 „„
390 1869 469 1897 ,von
494 1858 560 1890 den
578 1856 836 1900 diclit'gekette-

28 1907 88 1936 ten
111 1902 243 1936 Linnen
275 1903 388 1937 fliesst
416 1904 525 1937 selbst
557 1903 620 1936 das
643 1902 835 1945 geschmei-

27 1949 129 1993 (lige,
165 1959 203 1983 so
227 1950 335 1983 leicht
352 1949 599 1993 eindringende
622 1948 689 1982 Oel
717 1949 774 1990 ab,
779 1951 822 1966 “‘

25 1994 175 2029 namlich
213 2006 252 2028 so
296 1994 392 2028 dicht
427 1996 504 2029 siud
545 1995 596 2028 sie
628 1995 836 2038 gearbeitet.

25 2041 120 2075 Plut.
145 2039 189 2073 de
212 2041 362 2086 Pythiae
383 2052 478 2075 orac.
501 2041 550 2082 4.,
584 2048 611 2074 t.
637 2044 670 2075 9.
696 2053 730 2086 p.
753 2042 835 2077 253.

25 2086 81 2121 ed.
104 2085 227 2120 Hutt.·
259 2106 306 2112 -—
339 2087 400 2122 καὶ
414 2066 587 2131 ἠὈμηρος
611 2084 706 2122 εἷπε·
736 2099 834 2121 και-

25 2132 208 2175 (νοσέων
243 2152 285 2158 -
319 2132 596 2177 ἐνδεικνύμενος
634 2131 703 2178 τὴν
732 2130 834 2177 ἀκρί-

23 2180 131 2222 βειαν
153 2178 216 2214 καὶ
238 2179 443 2224 λεπτότητα
467 2181 535 2216 τοῦ
559 2193 697 2240 νφηους
707 2180 757 2224 τῷ
780 2179 832 2225 μή

23 2224 244 2280 προσμένειν
269 2226 312 2262 τὸ
330 2226 465 2268 ἔλαιον,
491 2224 574 2261 ἀλλ’
598 2225 778 2271 ἀποῤῥεῖν
800 2240 833 2261 κ.

25 2267 321 2317 ἆκολισθαίιειυ,
346 2275 411 2318 τῆς
430 2273 660 2317 πυκνότητος
676 2272 728 2318 μή
742 2274 833 2308 διεί-

25 2320 130 2361 οης.“
169 2318 306 2353 cohibet
336 2324 448 2354 tamen
473 2331 647 2354 assensum
675 2327 745 2354 tum
778 2319 833 2353 in-

27 2361 178 2397 nolentia
202 2363 268 2398 olei
301 2365 375 2399 sive
401 2366 563 2410 unguenti
592 2366 779 2400 defluentis
813 2377 834 2399 a

27 2407 193 2451 vestibus,
218 2414 288 2444 tum
299 2412 421 2465 'similis
441 2413 554 2453 locus,
579 2424 601 2446 a
625 2413 675 2445 Cl.
701 2411 834 2446 adscri-

28 2461 120 2500 ptus,
144 2466 189 2488 ex
213 2453 241 2488 ll
278 2454 322 2498 ις’,
347 2458 406 2491 ubi
429 2459 518 2516 haec²
546 2459 707 2503 leguntur
729 2459 833 2494 595.-

28 2500 67 2537 οὶ
91 2498 131 2536 δὲ
163 2500 321 2545 χιτῶνας
356 2503 469 2538 Ειατ’
501 2503 724 2549 ἐϋννήτους,
762 2501 836 2547 ἧκα

28 2548 246 2591 στίλβοντας
287 2546 409 2595 ἐλαίῳ.
475 2550 607 2584 tunicas
648 2550 836 2596 tranquille

27 2593 166 2627 fulsisse
187 2593 272 2628 dicit
291 2584 383 2634 oleo,
401 2596 435 2629 h.
456 2607 487 2628 e.
502 2597 614 2631 nitore
633 2597 712 2631 olei.
739 2596 836 2641 quid,

26 2639 59 2674 si
81 2639 310 2674 Phaeacidum
323 2642 411 2675 telas
433 2640 519 2675 istas
543 2643 708 2688 liquidum
726 2643 836 2676 oleum

25 2696 211 2730 superasse
244 2686 335 2720 dixit
355 2687 564 2732 splendore.
549 2690 568 2713 ‘2
602 2701 675 2723 eum
700 2700 835 2722 sensum

26 2731 249 2766 clarissimum
291 2732 375 2766 haec
406 2733 600 2777 habebunt,
641 2734 671 2769 si
703 2735 836 2768 scribas

27 2773 283 2833 danninum,
297 2778 407 2835 quod
432 2758 636 2815 facillimum.
668 2781 720 2814 sic
743 2779 836 2815 ἄπο-

122 2836 159 2866 ις
193 2837 254 2870 pro
282 2818 356 2860 οἶτίὸ
379 2823 514 2866 πάντες
539 2825 700 2870 legitur
689 2838 724 2861 m
748 2839 835 2861 non-

29 2861 127 2910 nullis
148 2871 227 2905 edd.
251 2871 345 2916 11.ss
318 2885 366 2916 μ,
402 2873 474 2912 83.
507 2883 572 2906 nec
608 2872 676 2906 alia
700 2884 833 2917 permu-

28 2919 173 2951 taurum
204 2918 295 2951 inter
318 2929 356 2952 se
377 2919 400 2963 β
433 2924 469 2952 et
491 2931 518 2953 π
552 2917 743 2953 litterarum
775 2930 836 2953 ex-

28 2961 137 3015 enda
158 2962 294 2998 desunt.
337 2976 371 2998 v.
405 2963 505 3000 Bast.
542 2963 700 3020 Append.
731 2964 832 3010 epist.

26 3006 103 3052 mit.
130 3019 166 3054 p.
202 3009 276 3051 28„
310 3021 374 3045 nos
406 3021 486 3044 ann.
523 3009 568 3045 ad
601 3010 726 3056 Eurip.
758 3008 835 3046 Hel

70 3055 212 3111 Homul.
237 3067 375 3102 Onrss.
399 3067 428 3102 l.

888 559 979 593 1385
1003 562 1070 591 etc.
1117 554 1315 597 Plutarchi,
1339 565 1444 600 saepe
1468 553 1695 596 dormitantis,

886 611 924 638 et
947 603 1150 637 recentioris
1171 602 1377 645 scriptoris,
1415 612 1468 634 me
1493 612 1558 634 non
1583 607 1696 634 movet

886 651 1095 690 auctoritas3
1120 661 1184 683 nec
1203 659 1316 681 moror
1333 646 1535 686 Graeculos,
1556 658 1696 701 quorum

886 697 976 729 alter
1000 696 1142 728 alterum
1168 693 1346 727 describit.
1375 712 1419 718 —-
1450 693 1560 735 περὶ
1580 691 1696 728 πάν-

884 754 976 775 των
1002 739 1208 784 ἀνδρῶν.
1235 739 1447 780 a',235etc.
1463 756 1505 764 —
1531 739 1693 782 Zdeese

885 785 1119 830 g'‚233etc.
1143 806 1187 812 —
1231 799 1290 825 ως
1315 783 1378 826 δε
1404 781 1533 827 ωςδή.
1564 804 1608 810 -
1643 786 1693 820 E:

881 845 1020 889 τεχνη
1035 845 1111 867 σαι
1140 830 1302 886 α’λλαχοῦ
1324 832 1545 874 παθητικῶς
1565 834 1695 873 κεῖται,

884 877 934 920 ὣς
973 879 1033 914 καὶ
1068 878 1107 915 ἐν
1148 880 1200 926 τῷ
1232 876 1292 922 μή
1333 876 1697 922 τεχνησάμενος

882 925 994 971 μηδ’
1021 922 1134 960 α’λλο
1161 938 1204 960 τι
1229 925 1543 968 τεχνήσαιτο.
1558 942 1602 948 —
1626 923 1697 960 πέ-

883 987 928 1019 ρι
954 991 993 997 -
1022 971 1216 1012 ἐσθλάς.
1251 982 1284 1004 v.
1311 969 1359 1014 β’,
1386 971 1466 1012 116,
1495 971 1573 1006 117.

936 1031 1142 1064 11Ξ-132,
1189 1030 1284 1062 locus
1309 1027 1510 1073 praeclarus
1535 1026 1578 1059 de
1593 996 1696 1060 liorto

883 1076 1031 1110 Alcinoi.
1065 1075 1186 1109 Eiclih.
1213 1086 1289 1108 ann.
1317 1075 1362 1107 ad
1381 1074 1477 1118 Virg.
1507 1073 1638 1116 Georg.
1663 1071 1697 1113 4,

885 1120 1109 1162 116—148.‚
1145 1120 1205 1154 ubi
1238 1132 1276 1154 se
1309 1120 1419 1154 hortis
1443 1119 1597 1153 dicendis
1631 1130 1698 1152 non

882 1180 1009 1202 vacare
1029 1168 1112 1201 dicit
1138 1170 1253 1211 poeta,
1277 1166 1383 1211 idque
1405 1166 1484 1199 aliis
1508 1173 1586 1210 post
1605 1177 1698 1198 com-

881 1216 1132 1247 memorandum
1153 1213 1363 1251 relinquere:
1387 1214 1481 1252 „Cet
1500 1211 1698 1255 heritage,“

881 1260 1008 1303 inquit,
1033 1270 1127 1304 „que
1149 1259 1283 1302 Virgile
1305 1258 1409 1300 legue
1434 1259 1453 1291 ιὶ
1477 1269 1533 1291 ses
1557 1268 1698 1291 succes-

883 1316 993 1345 seurs,
1018 1306 1074 1338 fut
1098 1303 1239 1337 ‹l'ubord
1263 1303 1416 1337 recueilli
1439 1315 1503 1348 par
1520 1303 1698 1337 Columel-

883 1351 918 1385 la
951 1351 1008 1395 qui
1044 1361 1063 1384 a
1094 1350 1183 1393 joint
1214 1351 1234 1385 εὶ
1267 1361 1326 1383 son
1362 1350 1508 1383 Marmel
1530 1350 1628 1382 rural
1651 1360 1698 1382 un

885 1397 974 1430 livre
998 1397 1136 1430 versifie
1160 1408 1219 1430 sur
1251 1396 1301 1429 les
1325 1397 1481 1429 Jardins.
1529 1395 1570 1428 L’
1574 1395 1697 1428 italien

885 1443 1064 1477 Alamanni
1098 1454 1118 1477 a
1151 1453 1316 1475 consacre
1349 1453 1392 1474 au
1421 1445 1529 1475 meme
1553 1443 1642 1485 sujet
1664 1441 1698 1475 lc

885 1486 919 1523 5.
947 1490 1051 1522 chant
1075 1488 1117 1522 de
1142 1500 1204 1521 son
1227 1489 1332 1521 traite
1357 1487 1400 1521 de
1423 1489 1456 1522 la
1482 1489 1635 1527 culture,
1662 1493 1699 1521 et

885 1535 1003 1578 Rapin
1039 1535 1118 1575 (Βε
1161 1535 1268 1567 Extat
1298 1533 1424 1577 Rapini
1460 1534 1504 1567 de
1537 1533 1698 1567 universa

884 1579 1041 1613 culturae
1068 1580 1240 1613 hortensis
1271 1578 1454 1623 disciplina
1486 1579 1698 1623 Disputatio,

883 1625 941 1659 ubi
982 1627 1158 1659 hortorum
1210 1631 1408 1659 tractantur
1460 1625 1698 1669 antiquitates,

882 1683 984 1717 quam
1009 1672 1160 1706 Broterii
1187 1671 1231 1704 de
1253 1672 1428 1704 hortorum
1454 1671 1598 1705 historia
1616 1671 1698 1704 Dis-

881 1718 1029 1752 sertatio
1057 1719 1245 1762 sequitur.)
1272 1726 1308 1750 et
1330 1717 1456 1751 Delille
1479 1728 1520 1750 en
1547 1722 1607 1751 ont
1623 1718 1697 1750 for-

882 1767 935 1798 me
969 1765 1030 1798 des
1055 1767 1194 1808 poemes
1219 1763 1442 1808 particuliers
1473 1763 1533 1808 qui
1556 1763 1697 1807 rappel-

882 1811 954 1844 lent
985 1810 1072 1843 dans
1107 1810 1277 1854 plusieurs
1316 1808 1472 1843 endroits
1507 1809 1540 1842 la
1573 1809 1698 1843 touche

882 1857 1041 1900 elegante
1065 1856 1110 1889 de
1135 1856 1233 1899 virgi
1238 1856 1281 1889 le.
1329 1855 1421 1889 Mais
1445 1866 1524 1888 sous
1557 1856 1590 1889 le
1614 1866 1697 1900 rap-

864 1900 965 1948 'poit
999 1903 1045 1935 (lu
1081 1902 1285 1942 sentiment,
1318 1913 1361 1935 on
1396 1913 1439 1934 ne
1472 1906 1557 1945 peut.
1587 1901 1697 1935 mieux

882 1960 1064 1993 comparer
1095 1949 1127 1982 le
1162 1947 1318 1981 wieillard
1357 1948 1401 1981 de
1423 1948 1556 1981 Tarent
1560 1959 1579 1980 e

881 1995 988 2028 l'iiote
1013 1995 1045 2028 d'
1051 1993 1225 2028 Herminie
1249 1995 1335 2027 dans
1367 1993 1400 2027 le
1435 1993 1548 2027 Tasse
1577 1995 1698 2036 (λένῃ-

881 2044 1001 2082 salem,
1025 2041 1079 2074 ch.
1105 2042 1150 2081 7.,
1174 2047 1218 2073 st.
1243 2041 1308 2082 6.),
1333 2044 1369 2072 et
1402 2049 1444 2072 au
1469 2039 1628 2073 ιίεῐΗιιι-(ἰ
1653 2040 1698 2073 de

880 2087 1002 2130 Jersey
1034 2087 1120 2120 dans
1156 2086 1311 2120 Voltaire
1346 2085 1474 2128 (Ilenr.
1503 2085 1557 2118 ch.
1584 2089 1632 2125 1.,
1662 2097 1696 2119 v.

880 2134 991 2176 192).
1051 2133 1102 2166 La
1134 2132 1302 2176 premiere
1336 2131 1415 2164 idee
1447 2131 1490 2164 de
1523 2143 1564 2164 ce
1595 2132 1698 2165 char-

879 2186 973 2212 mant
996 2178 1138 2222 episode
1170 2189 1208 2211 se
1240 2184 1404 2212 retrouve
1431 2178 1516 2211 dans
1541 2177 1573 2210 la
1600 2178 1697 2221 pein-

879 2231 956 2258 ture
982 2226 1026 2258 du
1059 2225 1164 2257 vieux
1196 2224 1327 2257 La'erte
1351 2223 1431 2268 qui,
1465 2223 1697 2257 inconsolable

879 2272 924 2304 de
950 2271 1119 2304 l'absence
1154 2269 1337 2314 d’Ulysse‚
1375 2269 1535 2303 cultivoit
1566 2270 1610 2303 de
1640 2281 1697 2303 ses

878 2317 988 2351 mains
1012 2328 1074 2350 son
1101 2315 1191 2360 petit
1215 2319 1336 2360 cliamp
1370 2315 1536 2359 (Odyssee
1569 2316 1627 2354 24,
1662 2327 1696 2348 v.

879 2365 995 2406 225),
1020 2370 1056 2396 et
1073 2362 1156 2395 dans
1182 2363 1215 2395 la
1238 2362 1451 2407 description
1477 2361 1538 2394 des
1558 2361 1696 2403 jardins

882 2409 1100 2451 d’Alcinous,
1135 2407 1179 2442 οὺ
1205 2408 1354 2441 Ηοιιιότε
1379 2413 1514 2441 montre
1550 2407 1630 2440 l'art
1661 2411 1697 2441 et

879 2455 915 2489 la
942 2461 1066 2488 nature
1100 2466 1138 2487 se
1162 2454 1358 2487 re'nnissant
1395 2465 1481 2498 pour
1509 2453 1697 2497 prodiguer

881 2501 977 2535 leurs
1001 2502 1127 2534 dons.“
1176 2499 1308 2533 Plinius
1333 2500 1379 2533 H.
1406 2499 1452 2533 N.
1481 2501 1542 2538 19,
1575 2498 1608 2533 4.
1635 2511 1696 2532 an·-

1617 1947 1695 1992 qu⁷a

883 2547 1080 2591 tiquitatem
1105 2545 1188 2579 nihil
1214 2545 1309 2590 prius
1333 2545 1489 2579 miratam
1515 2555 1590 2578 esse
1611 2544 1697 2580 dicit

882 2605 984 2638 quam
996 2592 1225 2636 Hesperidum
1242 2591 1379 2632 hortos,
1403 2601 1591 2634 regumque
1606 2591 1696 2625 Ado-

882 2639 972 2673 nidis
1007 2638 1154 2692 (Suitlas
1187 2649 1222 2693 p.
1259 2639 1335 2672 832
1370 2637 1551 2671 Αὸώνειοι
1582 2636 1697 2682 κῆποι

881 2683 1050 2730 λέγονται
1075 2685 1112 2719 οὶ
1135 2682 1310 2728 μετέωροι
1335 2682 1457 2727 κῆποι.
1491 2694 1525 2715 v.
1550 2693 1628 2716 ann.
1651 2683 1695 2718 ad

883 2733 960 2766 Ari
954 2732 1058 2776 toph.
1082 2730 1164 2775 Lys.
1190 2731 1290 2773 362.)
1316 2735 1351 2762 et
1377 2728 1520 2770 Alcinoi,
1545 2728 1695 2782 itemque

885 2777 1053 2831 pensiles,
1093 2778 1167 2810 sive
1191 2776 1269 2809 illos
1292 2774 1506 2817 Semiramis,
1531 2773 1606 2809 sive
1630 2779 1696 2810 As-

882 2823 999 2868 syriae
1023 2834 1085 2857 rex
1101 2822 1152 2867 Cy
1158 2833 1214 2854 rus
1247 2821 1341 2854 fecit.
1389 2820 1525 2854 Alcinoi
1540 2832 1645 2865 poma
1662 2826 1697 2856 ct

881 2873 990 2905 silvas
1026 2868 1219 2903 celebravit
1253 2866 1349 2911 Virg.
1391 2866 1522 2911 Georg
1556 2868 1592 2907 2,
1625 2869 1696 2910 87„

877 2917 1041 2969 pomaria
1052 2914 1188 2948 Statius
1212 2911 1299 2946 Silv.
1318 2919 1348 2953 1,
1372 2910 1420 2949 3.,
1439 2919 1476 2946 ut
1496 2913 1696 2948 Harduinus

882 2962 1061 2996 annotavit
1077 2960 1121 2994 ad
1147 2959 1256 2993 locum
1281 2958 1373 2992 illum
1391 2957 1505 2994 Plinii.
1529 2971 1562 2993 v.
1575 2958 1695 2994 Donn-

883 3009 981 3044 dors,
1000 3005 1221 3055 Gesc11.2dor
1242 3005 1375 3058 Erfiud.
1399 3007 1433 3040 2.
1459 3017 1495 3052 p.
1516 3005 1593 3039 6—
1604 3007 1680 3043 8.e

1359 3047 1415 3094 15
