1846 3282
699 2 731 35 κ’(

571 120 1150 162 ΟΔΥΣΣΕΙΛΣ
1202 124 1255 163 A.

259 229 473 299 κηληθμῷ
498 225 540 270 δ’
570 222 744 284 ἔσχοντο
773 227 881 272 κατὰ
909 227 1076 284 μέγαρα
1104 227 1310 272 σκιόεντα.

263 289 402 328 τοῖσιν
430 281 473 327 δ’
498 281 655 340 ’Λρήτη
684 285 950 334 λευκώλενος
966 285 1130 354 ἤρχετο
1158 285 1339 338 μύθων·

152 344 232 386 335

341 339 588 410 ,,Φαίηκες,
615 344 709 393 πῶς
733 340 870 410 ’ὔμμιν
898 339 1007 396 ἀνὴρ
1038 340 1112 383 ὅδε
1141 342 1340 394 φαίνεται
1369 340 1494 394 εἶναι,

260 394 374 447 εἶδός
400 412 467 445 τε,
492 396 677 467 μέγεθός
697 414 774 468 τε,
801 398 864 440 ἰδε
894 398 1060 466 φρένας
1088 396 1218 439 ε’νδον
1245 396 1383 451 ἐΐσας,

258 455 394 505 ξεῖνος
424 450 467 495 6’
501 451 599 495 αὐτ’
630 453 729 508 ἐμός
757 453 890 503 ἐστιν,
921 453 1101 503 ἕκαστος
1129 451 1173 495 δ’
1202 452 1361 507 ἔμμορε
1389 458 1535 513 τιμῆς·

259 512 320 564 τῷ
350 506 406 564 μὴ
438 506 704 563 ἐπειγόμενοι
732 507 1018 564 ἀποπέμπετε,
1048 508 1155 564 μηδὲ
1182 508 1235 551 τὰ
1265 510 1385 565 δῶρα

263 565 377 608 οὕτω
405 567 619 636 χρηίζοντι
647 565 869 609 κολούετε·
900 565 1039 608 πολλὰ
1064 565 1149 620 γάρ
1181 566 1318 620 ’ὔμμιν

147 624 229 667 340
257 619 451 677 κτήματ’·
473 622 537 664 ἐνὶ
563 620 788 692 μεγάροισι
814 625 934 665 θεῶν
963 620 1100 691 ἰότητι
1127 622 1314 665 κέονται.
1326 624 1350 646 “

339 680 461 719 Τοῖσι
492 677 538 720 δὲ
566 678 639 720 καὶ
668 678 854 748 μετέειπε
881 678 1020 732 γέρων
1049 677 1164 747 ᾕρως
1189 675 1385 750 Ἐχένηος

256 732 327 784 [ὃς
356 732 408 804 δὴ
445 732 650 787 Φαιήκων
666 731 853 805 “vffoffllj
879 732 1213 788 προγενέστερος
1240 730 1364 805 ἧεν]·

336 784 419 839 ,,’.Ω
448 790 589 845 φίλοι,
621 787 677 832 ου’
706 789 794 845 μὰν
821 793 925 845 ἡμιν
954 789 1041 833 ἄπο
1073 793 1244 834 σκοποῦ
1275 789 1377 835 οὐδ’
1405 790 1493 836 ἄπο
1524 791 1648 850 δόξης

255 850 459 898 μυθεῖται
486 847 682 915 βασίλεια
709 847 958 919 περίφρων
981 844 1096 918 ᾆλλοὶ
1125 848 1339 891 πίθεσθε]

142 902 224 946 345
251 900 475 944 Ἀλκινόου
505 899 548 944 δ’
579 901 626 944 ἐκ
654 901 780 945 τοῦδ’
813 903 949 973 ε’χεται
978 903 1106 958 ἔργον
1135 919 1203 957 τε,
1235 905 1338 955 ε’πος
1365 920 1422 948 τε.
1441 908 1468 929 “

337 955 425 1000 Ίὸν
455 955 501 1000 δ’
530 954 628 1000 αὖτ’
657 956 873 1010 Ἀλκίνοος
902 958 1184 1031 ἀπαμείβετο,
1217 959 1422 1016 φώνησέν
1450 977 1516 1005 τε

253 1017 416 1067 ,,τοῦτο
447 1012 525 1068 μὲν
552 1012 666 1056 οὕτω
696 1015 748 1070 δὴ
776 1016 894 1059 ε’σται
924 1016 1046 1085 ἔπος,
1078 1017 1126 1058 αἴ
1152 1032 1228 1059 κεν
1257 1017 1388 1073 ε’γωγε

255 1068 363 1122 ζωὸς

393 1069 630 1124 Φαιήκεσσι
661 1073 989 1142 φιληρέτμοισιν
1015 1070 1216 1115 ἀνάσσω·

252 1128 391 1177 ξεῖνος
421 1126 466 1168 δὲ
496 1125 656 1181 τλήτω,
685 1128 800 1182 μάλα
827 1144 906 1198 περ
935 1127 1112 1172 νόστοιο
1140 1130 1335 1184 χατίζων,

141 1185 223 1228 350
252 1183 386 1237 ἔμπης
418 1184 499 1224 οὐν
528 1182 740 1236 ἐπιμεῖναι
770 1185 813 1234 ἐς
844 1185 1022 1237 αὔριον,
1053 1185 1191 1228 εἰσόκε
1220 1188 1368 1228 πᾶσαν

252 1240 439 1294 δωτίνην
467 1238 633 1281 τελέσω.
690 1239 840 1296 πομπὴ
869 1239 908 1283 δ’
940 1240 1144 1295 ἄνδρεσσι
1172 1240 1346 1314 μελήσει

251 1299 378 1347 πᾶσι,
407 1292 592 1350 μάλιστα
623 1294 666 1339 6'
696 1298 811 1354 ἐμοί·
841 1313 921 1341 του
948 1296 1031 1353 γὰρ
1062 1297 1222 1354 κράτος
1257 1296 1346 1342 ἔστ’
1375 1297 1439 1342 ἐνὶ·
1467 1295 1600 1355 δήμῳ.
1611 1300 1637 1323 “

631 1399 758 1434 callida
782 1398 919 1444 Ulyssis
942 1399 1132 1445 responsio.

335 1467 424 1510 Τόν
453 1468 500 1511 δ’
529 1465 874 1537 ἀπαμειβόμενος
901 1467 1101 1537 προσέφη
1128 1467 1366 1524 πολύμητις
1392 1467 1648 1521 Οδυσσεύς·

250 1519 478 1572 ,,’Λλκίνοε
507 1529 676 1578 κρεῖον,
705 1524 882 1566 πάντων
912 1522 1147 1577 α’ριδείκετε
1176 1529 1309 1576 λαῶν,

140 1579 222 1623 355
251 1579 292 1621 εἴ
316 1595 368 1634 με
396 1581 469 1623 καὶ
499 1582 559 1631 εἰς
587 1581 791 1623 ἐνιαυτόν
823 1577 1032 1634 ἀνώγοιτ’
1062 1579 1220 1624 αὐτόθι
1249 1583 1435 1636 μίμνειν,

249 1635 428 1693 πομπήν
457 1636 496 1680 τ’
524 1636 767 1691 ὀτρύνοιτε,
797 1637 873 1680 καὶ
900 1636 1039 1693 ἀγλαὰ
1068 1639 1191 1692 δῶρα
1220 1639 1394 1692 διδοῖτε,

127 1758 208 1794 333.
254 1759 299 1803 ν’,
323 1763 357 1796 2.
398 1763 472 1796 Am.
496 1760 535 1795 Β.
562 1764 597 1795 et
620 1760 722 1794 Sch.:
751 1762 882 1807 κηλη-

83 1805 200 1850 θμῷ.
233 1808 278 1853 τῇ
296 1806 387 1850 μετὰ
410 1806 544 1852 ἡδονῆς
563 1821 595 1841 κ
614 1808 777 1849 τέρψεως
796 1812 881 1851 ησυ-

84 1851 157 1895 χίᾳ.
205 1844 300 1911 Ap.:
328 1855 517 1910 κηληθμῷ.
556 1854 602 1899 τῇ
636 1855 771 1897 τέρψει.
817 1854 881 1888 καὶ

81 1900 225 1941 κηλεῖν,
259 1898 301 1934 τὸ
341 1900 495 1944 τέρπειν.
542 1890 620 1932 hinc
651 1897 880 1944 Κηληδόνας,

83 1945 241 1979 Sirenum
284 1957 411 1990 genus,
458 1945 646 1991 appellavit
684 1946 784 1979 Piud.
823 1957 878 1990 ap.

82 1990 204 2024 Athen.
231 2003 263 2036 p.
283 1993 375 2034 290„
401 1998 439 2027 ut
457 1993 486 2025 E
511 1992 665 2033 notavit3
690 1992 733 2025 de
757 1991 879 2037 quibus

81 2047 116 2070 v.
141 2036 247 2081 Soph.
273 2049 293 2071 a
318 2039 416 2073 nobis
439 2038 492 2072 ed.
520 2041 569 2077 1.‚
599 2049 632 2081 p.
655 2016 688 2073 8.

126 2083 248 2118 336-
257 2083 337 2119 340.
383 2085 483 2140 Spin:
516 2084 658 2124 ἐΐσας.
698 2095 763 2123 τας
789 2081 879 2119 οἰνα-

82 2127 259 2172 λογούσας
288 2132 340 2176 τῷ
369 2142 531 2174 σωματι,
563 2130 623 2164 καὶ
649 2126 789 2173 όρθοὲς,
817 2130 878 2165 καὶ

83 2176 238 2217 δικαίας.
259 2196 304 2201 -
335 2175 555 2220 ξεῖνοςδ’
581 2170 704 2212 αὖτε
742 2188 776 2210 v.
802 2187 878 2209 ann.

83 2221 128 2255 ad
161 2221 205 2264 ι’,
235 2224 315 2258 256.
342 2242 387 2250 —
436 2223 639 2264 ἕκαστος
672 2242 702 2247 -
729 2223 880 2266 τιμῆς,

81 2269 306 2314 unnsquisque
329 2275 445 2304 autem
468 2279 615 2303 vestrum
638 2269 812 2312 particeps
831 2273 880 2302 est

83 2313 219 2347 honoris
257 2316 375 2359 hujus,
416 2316 483 2360 ΠΙ)
488 2327 573 2349 ssem
608 2315 754 2359 hospitio
791 2314 879 2347 acci-

82 2359 201 2404 piendi
225 2363 327 2404 atque
351 2361 495 2396 donandi
522 2360 619 2395 donis
644 2360 878 2404 hospitalibus

82 2405 168 2439 mire
188 2405 250 2439 hoc
268 2407 540 2450 interpretantur
550 2407 783 2447 Scholiastae3
808 2406 878 2439 vel—

81 2456 119 2485 ut
135 2453 207 2485 Am.
226 2452 268 2492 Q.
291 2457 328 2485 et
343 2453 446 2487 sch.-
472 2456 607 2507 μοῖραν
631 2451 701 2498 ἔχει
724 2452 792 2496 τὴν
811 2451 877 2486 ov'-

81 2500 188 2538 σίαν,
216 2507 307 2532 ωστε
329 2499 439 2555 τιμᾷν
462 2498 669 2541 δύνασθαι,
700 2506 735 2532 et
759 2499 806 2532 E:

81 2542 232 2584 ἕκαστος
263 2544 336 2578 τῶν
372 2543 564 2590 ἄκροατων
595 2547 702 2589 τιμῆς
742 2548 878 2586 μοῖραν

81 2590 153 2634 ἔχει
177 2588 215 2624 ἔν
238 2602 276 2625 τε
300 2589 434 2647 ἄλλοις,
457 2592 519 2626 καὶ
537 2591 594 2628 ἐπὶ
617 2592 670 2636 τῷ
694 2593 876 2625 πλουτεῖν

80 2635 168 2670 idem
205 2641 321 2670 recte.
360 2635 419 2682 μὴ
455 2636 517 2672 ἐπ.
558 2635 875 2680 ἀποπέμπετε.

79 2681 244 2717 τουτέστι
251 2694 302 2738 μη
314 2685 540 2738 κατεπείγετε
550 2682 654 2727 ὑμεῖς
669 2683 734 2718 τὸν
750 2682 878 2723 πλοῦν,

79 2729 116 2764 εἰ
144 2728 204 2764 καὶ
230 2726 345 2770 αὐτός
377 2729 499 2765 ἐθέλοι
531 2728 752 2773 ὀτρύνεσθαι
777 2728 875 2772 ’ὑμᾶς

79 2787 158 2816 αμα
180 2772 247 2831 ηόῖ
265 2775 475 2832 φαινομένῃ
499 2776 550 2815 εἰς
572 2775 731 2832 πομπήν.
758 2795 803 2800 -
831 2773 872 2809 zo*

80 2819 120 2856 δὲ
145 2822 210 2876 μή
228 2819 349 2856 ου’τω
373 2825 468 2857 κολ.
493 2822 559 2866 (θ’,
579 2823 676 2864 211.)
701 2820 783 2857 ἀντὶ
805 2821 875 2855 τοῦ

79 2866 129 2910 μὴ
149 2865 213 2903 διοὶ
229 2866 271 2903 τὸ
284 2866 493 2912 ἐπείγεσθαι
509 2867 705 2910 κολοβοῦτε
720 2869 771 2911 τῷ
783 2866 873 2911 ξένω

79 2925 147 2956 την
176 2911 301 2954 δόσιν,
335 2914 451 2950 πολλοὶ
474 2915 625 2970 ἔχοντες.
645 2934 690 2939 -
722 2913 871 2968 (θεῶν

79 2959 246 3004 ἰότητι.
283 2958 524 3004 n‚214etc-)
570 2958 786 3001 κέονται,
822 2956 872 2999 ὥς

927 1759 1097 1806 κειμήλιοι
1131 1757 1284 1806 δηλαδή.
1332 1761 1377 1795 cf.
1410 1758 1449 1795 π’
1459 1763 1582 1806 ,,23Ξ
1615 1763 1657 1798 Il.
1688 1761 1733 1809 χ’,

926 1810 1017 1850 510,
1043 1808 1169 1852 Odyss.
1195 1807 1242 1852 6¹,
1265 1809 1333 1843 127
1358 1812 1424 1841 etc.

971 1864 1050 1900 342.
1098 1875 1218 1898 versus
1248 1863 1390 1898 omissus
1413 1864 1446 1897 in
1472 1864 1551 1903 MS,
1576 1866 1733 1902 Thomae

925 1911 1084 1967 Bentleji‚
1109 1922 1207 1953 quem
1232 1921 1365 1944 versum
1392 1911 1585 1956 sublegisse
1608 1913 1732 1948 viden-

924 1962 981 1991 tur
1007 1955 1052 2001 η’,
1079 1958 1157 1992 156.
1181 1958 1228 1990 W
1252 1955 1403 1990 seclusit.

969 2024 1092 2060 344—
1101 2023 1180 2059 347.
1214 2020 1408 2058 ὀεᾱίἅπο
1432 2027 1621 2082 σκοποῦ,
1639 2026 1730 2064 ἄπο
1789 2076 1793 2080 ⁴

924 2070 1089 2128 δόξης,
1125 2076 1164 2104 ut
1193 2069 1268 2105 ἄπο
1292 2069 1489 2125 πτολέμοιο
1521 2072 1562 2108 ΙΙ.
1588 2073 1636 2130 6¹,
1660 2076 1730 2118 64.

925 2117 958 2151 h.
993 2085 1149 2151 ἄποθεν.
1197 2116 1322 2160 vulgo:
1356 2113 1429 2153 απὸ
1463 2130 1517 2153 σκ.
1580 2118 1652 2155 οἷπὸ
1695 2122 1730 2156 δ.

925 2163 1096 2197 amotatis
1136 2161 1180 2196 ad
1221 2161 1339 2195 Iliadis
1374 2164 1395 2197 Ι.
1432 2175 1463 2198 c.
1495 2142 1574 2198 addi
1616 2170 1730 2210 potest

926 2210 1034 2263 Soph.
1054 2209 1182 2242 Trach.
1199 2209 1279 2244 366.
1314 2207 1416 2242 Sch..
1430 2207 1534 2265 α’πὸ
1556 2211 1641 2255 (sic)
1666 2224 1729 2248 σκ.

926 2252 1073 2290 ἄποθεν
1097 2254 1167 2289 τοῦ
1190 2255 1352 2295 σκοποῦ,
1387 2252 1461 2290 ἀπὸ
1488 2249 1602 2301 (ἄπο)
1630 2259 1728 2294 εἰκα-

926 2302 1035 2343 σμοῦ.
1077 2301 1222 2344 εἴρηται
1254 2297 1295 2334 δὲ
1320 2297 1393 2335 ἀπὸ
1417 2303 1589 2358 τοξοτων.
1637 2303 1726 2341 α’πὸ

923 2347 1014 2390 (sic)
1046 2345 1200 2391 δόξης.
1239 2342 1386 2382 anemae
1418 2342 1462 2392 ἧς
1493 2348 1621 2393 ἔχομεν
1645 2352 1728 2393 περὶ

923 2392 1012 2432 τοῦς
1036 2393 1164 2435 ξένους
1187 2391 1400 2434 διαθέσεως.
1422 2413 1467 2419 -
1508 2393 1553 2429 ἐκ
1585 2396 1726 2440 τοῦδ’,

924 2450 964 2472 ει
987 2440 1069 2479 Ιιοο,
1094 2439 1153 2484 qui
1178 2438 1234 2471 hic
1258 2438 1400 2473 assidet.
1421 2458 1466 2464 —
1502 2440 1606 2474 Sch..
1635 2441 1725 2487 ἕχε-

923 2497 1011 2519 ται.
1052 2483 1207 2542 ἤρτηται
1217 2484 1397 2538 (pendet,
1413 2497 1493 2541 per
1526 2498 1598 2520 eum
1622 2491 1723 2544 stat).

924 2530 1005 2565 οἷον
1031 2528 1070 2565 ἐν
1089 2526 1257 2575 Ἀλκινόῳ
1281 2527 1356 2565 ἐστὶ
1380 2529 1421 2566 vd
1448 2533 1589 2572 τελείως
1611 2531 1725 2569 απαλ-

922 2577 1108 2621 λαχθῆναι
1142 2563 1242 2620 (scil.
1259 2578 1415 2616 τοῦτον,
1447 2577 1513 2611 τὸν
1532 2576 1724 2622 Ὀδυσσέα,

922 2623 1046 2657 dimitti
1073 2623 1128 2657 vel
1164 2621 1337 2668 proficisci
1366 2623 1553 2666 Uly.ssem)
1578 2642 1623 2650 —
1657 2625 1724 2670 ἔρ-

921 2683 1002 2713 γον
1026 2681 1092 2708 τε,
1118 2666 1231 2707 ε’πος
1253 2680 1311 2702 τε.
1354 2667 1559 2724 hendiadys:
1575 2671 1723 2714 jussum,

921 2721 959 2750 ut
982 2716 1115 2758 idfiat.
1132 2733 1176 2738 —
1209 2713 1352 2747 τοῦτο
1378 2711 1510 2755 ε’,πος
1544 2715 1605 2749 hoc
1628 2722 1720 2752 tuum

921 2766 956 2794 et
980 2763 1102 2794 Aretes
1135 2760 1293 2799 ver-,bum
1330 2760 1414 2792 haec
1448 2766 1564 2794 vestra
1599 2763 1720 2798 oratio.

919 2809 992 2840 Am.
1019 2807 1080 2840 B.=
1118 2804 1160 2840 τὸ
1183 2783 1393 2847 κυροῦσθαι
1417 2804 1464 2841 τα
1488 2808 1554 2862 τῆς
1573 2805 1720 2853 Ἀρήτης

920 2853 1084 2900 δόγματα
1116 2849 1208 2894 παρ’
1242 2849 1354 2894 ἐμοῦ,
1387 2864 1420 2886 κ.
1451 2864 1503 2897 μη
1537 2854 1719 2897 διστάζειν

917 2897 1009 2943 πρὸς
1033 2897 1164 2941 αὐτήν.

964 2957 1055 2997 351,
1080 2956 1113 2989 2.
1161 2953 1206 2987 cf.
1238 2949 1458 2993 a',³58‚9.

1373 3002 1399 3039 Ἰ
1432 3001 1448 3019 ⁸
