<?xml version="1.0" encoding="UTF-8"?>
<!DOCTYPE html PUBLIC "-//W3C//DTD XHTML 1.0 Transitional//EN"
    "http://www.w3.org/TR/xhtml1/DTD/xhtml1-transitional.dtd">
<html xmlns="http://www.w3.org/1999/xhtml" xml:lang="en" lang="en">
 <head>
  <title>
</title>
<meta http-equiv="Content-Type" content="text/html;charset=utf-8" />
  <meta name='ocr-system' content='tesseract 3.04.00' />
  <meta name='ocr-capabilities' content='ocr_page ocr_carea ocr_par ocr_line ocrx_word'/>
</head>
<body>
  <div class='ocr_page' id='page_1' title='image "./carmina03home/carmina03home_0165.png"; bbox 0 0 1846 3282; ppageno 0'>
   <div class='ocr_carea' id='block_1_1' title="bbox 0 2812 737 2897">
    <p class='ocr_par' dir='ltr' id='par_1_1' title="bbox 0 2812 737 2897">
     <span class='ocr_line' id='line_1_1' title="bbox 0 2812 737 2897; baseline 0.012 -19"><span class='ocrx_word' id='word_1_1' title='bbox 0 2866 7 2878; x_wconf 86' lang='lat'><strong>.</strong></span> <span class='ocrx_word' id='word_1_2' title='bbox 52 2812 115 2881; x_wconf 61' lang='lat' dir='ltr'><strong>:ivi</strong></span> <span class='ocrx_word' id='word_1_3' title='bbox 132 2826 183 2893; x_wconf 61' lang='lat'>1196</span> <span class='ocrx_word' id='word_1_4' title='bbox 200 2846 293 2892; x_wconf 72' lang='grc' dir='ltr'><em>ημὶν</em></span> <span class='ocrx_word' id='word_1_5' title='bbox 312 2850 496 2894; x_wconf 82' lang='lat' dir='ltr'>respondet</span> <span class='ocrx_word' id='word_1_6' title='bbox 514 2851 564 2886; x_wconf 86' lang='grc' dir='ltr'><em>δέ.</em></span> <span class='ocrx_word' id='word_1_7' title='bbox 589 2853 635 2886; x_wconf 79' lang='lat' dir='ltr'><strong>cf.</strong></span> <span class='ocrx_word' id='word_1_8' title='bbox 659 2819 737 2897; x_wconf 71' lang='grc' dir='ltr'><em>11.μχ</em></span> 
     </span>
    </p>
   </div>
   <div class='ocr_carea' id='block_1_2' title="bbox 514 161 1026 204">
    <p class='ocr_par' dir='ltr' id='par_1_2' title="bbox 514 161 1026 204">
     <span class='ocr_line' id='line_1_2' title="bbox 514 161 1026 204; baseline -0.008 0"><span class='ocrx_word' id='word_1_9' title='bbox 514 161 1026 204; x_wconf 76' lang='grc' dir='ltr'><em>ΟΔΤΣΣΕΙΑ</em></span> 
     </span>
    </p>
   </div>
   <div class='ocr_carea' id='block_1_3' title="bbox 1057 161 1695 203">
    <p class='ocr_par' dir='ltr' id='par_1_3' title="bbox 1057 161 1695 203">
     <span class='ocr_line' id='line_1_3' title="bbox 1057 161 1695 203; baseline 0.005 -3"><span class='ocrx_word' id='word_1_10' title='bbox 1057 162 1100 200; x_wconf 85' lang='grc' dir='ltr'><strong><em>Σ</em></strong></span> <span class='ocrx_word' id='word_1_11' title='bbox 1158 161 1208 200; x_wconf 88' lang='grc' dir='ltr'><em>Ε.</em></span> <span class='ocrx_word' id='word_1_12' title='bbox 1611 162 1695 203; x_wconf 78' lang='grc'><em>163</em></span> 
     </span>
    </p>
   </div>
   <div class='ocr_carea' id='block_1_4' title="bbox 258 269 1694 328">
    <p class='ocr_par' dir='ltr' id='par_1_4' title="bbox 258 269 1694 328">
     <span class='ocr_line' id='line_1_4' title="bbox 258 269 1694 328; baseline -0.002 -19"><span class='ocrx_word' id='word_1_13' title='bbox 258 274 487 328; x_wconf 82' lang='lat' dir='ltr'><strong>proficiscitur</strong></span> <span class='ocrx_word' id='word_1_14' title='bbox 506 273 701 307; x_wconf 82' lang='lat' dir='ltr'><strong>Mercurius</strong></span> <span class='ocrx_word' id='word_1_15' title='bbox 725 272 768 306; x_wconf 79' lang='lat' dir='ltr'><em>ad</em></span> <span class='ocrx_word' id='word_1_16' title='bbox 787 271 955 316; x_wconf 76' lang='lat' dir='ltr'><strong>Calypso,</strong></span> <span class='ocrx_word' id='word_1_17' title='bbox 981 270 1077 314; x_wconf 83' lang='lat' dir='ltr'><strong>cujus</strong></span> <span class='ocrx_word' id='word_1_18' title='bbox 1100 269 1210 306; x_wconf 78' lang='lat' dir='ltr'><strong>insula</strong></span> <span class='ocrx_word' id='word_1_19' title='bbox 1235 270 1466 305; x_wconf 78' lang='lat' dir='ltr'><strong>amoenissima</strong></span> <span class='ocrx_word' id='word_1_20' title='bbox 1491 276 1527 306; x_wconf 85' lang='lat' dir='ltr'><em>et</em></span> <span class='ocrx_word' id='word_1_21' title='bbox 1551 277 1694 311; x_wconf 80' lang='lat' dir='ltr'><strong>autrum,</strong></span> 
     </span>
    </p>
   </div>
   <div class='ocr_carea' id='block_1_5' title="bbox 177 319 759 367">
    <p class='ocr_par' dir='ltr' id='par_1_5' title="bbox 177 319 759 367">
     <span class='ocr_line' id='line_1_5' title="bbox 177 319 759 367; baseline -0.007 -11"><span class='ocrx_word' id='word_1_22' title='bbox 177 322 210 356; x_wconf 91' lang='lat' dir='ltr'><em>in</em></span> <span class='ocrx_word' id='word_1_23' title='bbox 235 333 303 367; x_wconf 89' lang='lat' dir='ltr'><em>quo</em></span> <span class='ocrx_word' id='word_1_24' title='bbox 327 320 485 361; x_wconf 80' lang='lat' dir='ltr'><strong>habitat,</strong></span> <span class='ocrx_word' id='word_1_25' title='bbox 511 320 570 352; x_wconf 79' lang='lat' dir='ltr'><em>des</em></span> <span class='ocrx_word' id='word_1_26' title='bbox 557 319 759 353; x_wconf 81' lang='lat' dir='ltr'><strong>cribuntur.</strong></span> 
     </span>
    </p>
   </div>
   <div class='ocr_carea' id='block_1_6' title="bbox 247 384 511 442">
    <p class='ocr_par' dir='ltr' id='par_1_6' title="bbox 247 384 511 442">
     <span class='ocr_line' id='line_1_6' title="bbox 247 384 511 442; baseline 0.004 -11.073"><span class='ocrx_word' id='word_1_27' title='bbox 247 386 332 438; x_wconf 79' lang='grc' dir='ltr'><em>“Ὼς</em></span> <span class='ocrx_word' id='word_1_28' title='bbox 361 384 485 442; x_wconf 64' lang='grc' dir='ltr'><em>ἔφατ’</em></span> <span class='ocrx_word' id='word_1_29' title='bbox 501 419 511 432; x_wconf 80' lang='grc'><em>.</em></span> 
     </span>
    </p>
   </div>
   <div class='ocr_carea' id='block_1_7' title="bbox 543 381 1475 452">
    <p class='ocr_par' dir='ltr' id='par_1_7' title="bbox 543 381 1475 452">
     <span class='ocr_line' id='line_1_7' title="bbox 543 381 1475 452; baseline -0.004 -22"><span class='ocrx_word' id='word_1_30' title='bbox 543 384 641 430; x_wconf 79' lang='grc' dir='ltr'><em>οὐδ’</em></span> <span class='ocrx_word' id='word_1_31' title='bbox 674 385 862 440; x_wconf 81' lang='grc' dir='ltr'><em>ἀπίθησε</em></span> <span class='ocrx_word' id='word_1_32' title='bbox 892 383 1123 436; x_wconf 78' lang='grc' dir='ltr'><strong><em>διάκτορος</em></strong></span> <span class='ocrx_word' id='word_1_33' title='bbox 1149 381 1475 452; x_wconf 76' lang='grc' dir='ltr'><em>Ἀργειφόντης·</em></span> 
     </span>
    </p>
   </div>
   <div class='ocr_carea' id='block_1_8' title="bbox 126 439 1478 1009">
    <p class='ocr_par' dir='ltr' id='par_1_8' title="bbox 210 439 1378 510">
     <span class='ocr_line' id='line_1_8' title="bbox 210 439 1378 510; baseline -0.004 -24"><span class='ocrx_word' id='word_1_34' title='bbox 210 443 355 488; x_wconf 81' lang='grc' dir='ltr'><em>αὐτίκ’</em></span> <span class='ocrx_word' id='word_1_35' title='bbox 388 442 528 487; x_wconf 31' lang='grc' dir='ltr'><em>έηπειθ</em></span> <span class='ocrx_word' id='word_1_36' title='bbox 559 442 648 486; x_wconf 83' lang='grc' dir='ltr'><em>ὑπὸ</em></span> <span class='ocrx_word' id='word_1_37' title='bbox 673 443 833 486; x_wconf 87' lang='grc' dir='ltr'><em>ποσσὶν</em></span> <span class='ocrx_word' id='word_1_38' title='bbox 862 439 1044 510; x_wconf 76' lang='grc' dir='ltr'><em>ἐδήσατο</em></span> <span class='ocrx_word' id='word_1_39' title='bbox 1073 439 1186 482; x_wconf 82' lang='grc' dir='ltr'><em>καλοὶ</em></span> <span class='ocrx_word' id='word_1_40' title='bbox 1213 440 1378 489; x_wconf 78' lang='grc' dir='ltr'><em>πέδιλα,</em></span> 
     </span>
    </p>

    <p class='ocr_par' dir='ltr' id='par_1_9' title="bbox 126 494 1478 782">
     <span class='ocr_line' id='line_1_9' title="bbox 126 494 1478 568; baseline -0.006 -22"><span class='ocrx_word' id='word_1_41' title='bbox 126 506 181 547; x_wconf 78' lang='lat'><em>45</em></span> <span class='ocrx_word' id='word_1_42' title='bbox 212 499 456 568; x_wconf 72' lang='grc' dir='ltr'><em>ἀμβρόσια,</em></span> <span class='ocrx_word' id='word_1_43' title='bbox 486 499 688 555; x_wconf 88' lang='grc' dir='ltr'><em>χρύσεια,</em></span> <span class='ocrx_word' id='word_1_44' title='bbox 718 497 772 541; x_wconf 76' lang='grc' dir='ltr'><em>τά</em></span> <span class='ocrx_word' id='word_1_45' title='bbox 801 514 877 566; x_wconf 67' lang='grc' dir='ltr'><em>μιν</em></span> <span class='ocrx_word' id='word_1_46' title='bbox 910 496 1050 552; x_wconf 83' lang='grc' dir='ltr'><em>φέρον</em></span> <span class='ocrx_word' id='word_1_47' title='bbox 1078 495 1187 550; x_wconf 81' lang='grc' dir='ltr'><em>ἠμὲν</em></span> <span class='ocrx_word' id='word_1_48' title='bbox 1217 494 1293 551; x_wconf 77' lang='grc' dir='ltr'><em>ἐφ’</em></span> <span class='ocrx_word' id='word_1_49' title='bbox 1323 495 1478 553; x_wconf 48' lang='grc' dir='ltr'><em>ὑγρὴν,</em></span> 
     </span>
     <span class='ocr_line' id='line_1_10' title="bbox 209 551 1350 623; baseline -0.005 -23"><span class='ocrx_word' id='word_1_50' title='bbox 209 557 284 611; x_wconf 74' lang='grc' dir='ltr'><em>ἠδ’</em></span> <span class='ocrx_word' id='word_1_51' title='bbox 313 557 384 600; x_wconf 80' lang='grc' dir='ltr'><em>ἐπ’</em></span> <span class='ocrx_word' id='word_1_52' title='bbox 416 556 629 610; x_wconf 84' lang='grc' dir='ltr'><em>α’πείρονα</em></span> <span class='ocrx_word' id='word_1_53' title='bbox 656 559 811 610; x_wconf 79' lang='grc' dir='ltr'><em>γαῖαν,</em></span> <span class='ocrx_word' id='word_1_54' title='bbox 843 554 932 607; x_wconf 86' lang='grc' dir='ltr'><em>α’μα</em></span> <span class='ocrx_word' id='word_1_55' title='bbox 961 570 1121 623; x_wconf 74' lang='grc' dir='ltr'><em>πνοιῃς</em></span> <span class='ocrx_word' id='word_1_56' title='bbox 1151 551 1350 595; x_wconf 71' lang='grc' dir='ltr'><em>ἀνέμοιο·</em></span> 
     </span>
     <span class='ocr_line' id='line_1_11' title="bbox 211 609 1379 681; baseline -0.004 -25"><span class='ocrx_word' id='word_1_57' title='bbox 211 616 349 656; x_wconf 76' lang='grc' dir='ltr'><em>είλετο</em></span> <span class='ocrx_word' id='word_1_58' title='bbox 382 615 428 656; x_wconf 76' lang='grc' dir='ltr'><em>δὲ</em></span> <span class='ocrx_word' id='word_1_59' title='bbox 461 613 653 681; x_wconf 82' lang='grc' dir='ltr'><em>ῥάβδον,</em></span> <span class='ocrx_word' id='word_1_60' title='bbox 684 616 768 668; x_wconf 77' lang='grc' dir='ltr'><em>τῇτ</em></span> <span class='ocrx_word' id='word_1_61' title='bbox 810 609 989 681; x_wconf 80' lang='grc' dir='ltr'><em>ἀνδρῶν</em></span> <span class='ocrx_word' id='word_1_62' title='bbox 1020 609 1192 679; x_wconf 79' lang='grc' dir='ltr'><em>ὄμματα</em></span> <span class='ocrx_word' id='word_1_63' title='bbox 1219 610 1379 664; x_wconf 73' lang='grc' dir='ltr'><em>θέλγει,</em></span> 
     </span>
     <span class='ocr_line' id='line_1_12' title="bbox 212 665 1409 737; baseline -0.004 -24"><span class='ocrx_word' id='word_1_64' title='bbox 212 672 276 713; x_wconf 77' lang='grc' dir='ltr'><em>ῶν</em></span> <span class='ocrx_word' id='word_1_65' title='bbox 307 669 468 721; x_wconf 73' lang='grc' dir='ltr'><em>ἐθέλει,</em></span> <span class='ocrx_word' id='word_1_66' title='bbox 500 667 605 719; x_wconf 80' lang='grc' dir='ltr'><em>τούς</em></span> <span class='ocrx_word' id='word_1_67' title='bbox 629 667 677 737; x_wconf 79' lang='grc' dir='ltr'><em>δ’</em></span> <span class='ocrx_word' id='word_1_68' title='bbox 710 670 813 712; x_wconf 78' lang='grc' dir='ltr'><em>αὖτε</em></span> <span class='ocrx_word' id='word_1_69' title='bbox 842 668 915 710; x_wconf 83' lang='grc' dir='ltr'><em>καὶ</em></span> <span class='ocrx_word' id='word_1_70' title='bbox 944 665 1206 716; x_wconf 69' lang='grc' dir='ltr'><em>ὑπνώοντας</em></span> <span class='ocrx_word' id='word_1_71' title='bbox 1234 665 1409 720; x_wconf 75' lang='grc' dir='ltr'><em>ἐγείρει·</em></span> 
     </span>
     <span class='ocr_line' id='line_1_13' title="bbox 211 722 1456 795; baseline -0.003 -26"><span class='ocrx_word' id='word_1_72' title='bbox 211 727 292 781; x_wconf 81' lang='grc' dir='ltr'><em>τὴν</em></span> <span class='ocrx_word' id='word_1_73' title='bbox 323 727 427 782; x_wconf 83' lang='grc' dir='ltr'><em>μετοὶ</em></span> <span class='ocrx_word' id='word_1_74' title='bbox 453 727 596 782; x_wconf 82' lang='grc' dir='ltr'><em>χερσὶν</em></span> <span class='ocrx_word' id='word_1_75' title='bbox 626 725 736 780; x_wconf 75' lang='grc' dir='ltr'><em>ἔχων</em></span> <span class='ocrx_word' id='word_1_76' title='bbox 765 724 915 766; x_wconf 77' lang='grc' dir='ltr'><em>πέτετο</em></span> <span class='ocrx_word' id='word_1_77' title='bbox 945 723 1109 795; x_wconf 79' lang='grc' dir='ltr'><em>κρατύς</em></span> <span class='ocrx_word' id='word_1_78' title='bbox 1135 722 1456 790; x_wconf 75' lang='grc' dir='ltr'><em>Ἀργειφόττης</em></span> 
     </span>
    </p>

    <p class='ocr_par' dir='ltr' id='par_1_10' title="bbox 130 778 1320 1009">
     <span class='ocr_line' id='line_1_14' title="bbox 130 778 1314 852; baseline -0.006 -24"><span class='ocrx_word' id='word_1_79' title='bbox 130 788 183 828; x_wconf 86' lang='grc'><em>50</em></span> <span class='ocrx_word' id='word_1_80' title='bbox 216 787 399 838; x_wconf 82' lang='grc' dir='ltr'><em>Πιερίην</em></span> <span class='ocrx_word' id='word_1_81' title='bbox 429 785 469 826; x_wconf 87' lang='grc' dir='ltr'><em>δ’</em></span> <span class='ocrx_word' id='word_1_82' title='bbox 501 782 652 852; x_wconf 72' lang='grc' dir='ltr'><em>ἐπιβάς</em></span> <span class='ocrx_word' id='word_1_83' title='bbox 682 781 724 832; x_wconf 79' lang='grc' dir='ltr'><em>ἐξ</em></span> <span class='ocrx_word' id='word_1_84' title='bbox 760 781 940 832; x_wconf 77' lang='grc' dir='ltr'><em>αἰθέρος</em></span> <span class='ocrx_word' id='word_1_85' title='bbox 971 780 1124 831; x_wconf 79' lang='grc' dir='ltr'><em>ἔμπεσε</em></span> <span class='ocrx_word' id='word_1_86' title='bbox 1151 778 1314 834; x_wconf 82' lang='grc' dir='ltr'><em>πόντῳ,</em></span> 
     </span>
     <span class='ocr_line' id='line_1_15' title="bbox 211 835 1318 893; baseline -0.005 -10"><span class='ocrx_word' id='word_1_87' title='bbox 211 839 361 883; x_wconf 81' lang='grc' dir='ltr'><em>σεύατ’</em></span> <span class='ocrx_word' id='word_1_88' title='bbox 391 836 523 882; x_wconf 74' lang='grc' dir='ltr'><em>ἔπειτ’</em></span> <span class='ocrx_word' id='word_1_89' title='bbox 555 838 625 880; x_wconf 77' lang='grc' dir='ltr'><em>ἐπὶ</em></span> <span class='ocrx_word' id='word_1_90' title='bbox 650 841 789 892; x_wconf 83' lang='grc' dir='ltr'><em>κῦιια,</em></span> <span class='ocrx_word' id='word_1_91' title='bbox 820 837 941 893; x_wconf 84' lang='grc' dir='ltr'><em>λα’ρῳ</em></span> <span class='ocrx_word' id='word_1_92' title='bbox 972 835 1122 891; x_wconf 80' lang='grc' dir='ltr'><em>ὄρνιθι</em></span> <span class='ocrx_word' id='word_1_93' title='bbox 1151 835 1318 888; x_wconf 71' lang='grc' dir='ltr'><em>ἐοικώς,</em></span> 
     </span>
     <span class='ocr_line' id='line_1_16' title="bbox 211 883 1301 946; baseline -0.003 -7"><span class='ocrx_word' id='word_1_94' title='bbox 211 897 312 939; x_wconf 85' lang='grc' dir='ltr'><em>ὅστε</em></span> <span class='ocrx_word' id='word_1_95' title='bbox 341 895 450 940; x_wconf 62' lang='lat' dir='ltr'><em>necto?</em></span> <span class='ocrx_word' id='word_1_96' title='bbox 482 893 654 945; x_wconf 80' lang='grc' dir='ltr'><em>δεινοὺς</em></span> <span class='ocrx_word' id='word_1_97' title='bbox 683 895 874 944; x_wconf 76' lang='grc' dir='ltr'><em>κόλπους</em></span> <span class='ocrx_word' id='word_1_98' title='bbox 905 883 1012 944; x_wconf 65' lang='grc' dir='ltr'><em>ι”ἐλος</em></span> <span class='ocrx_word' id='word_1_99' title='bbox 1043 892 1301 946; x_wconf 79' lang='grc' dir='ltr'><em>ἀτρυγέτοιο</em></span> 
     </span>
     <span class='ocr_line' id='line_1_17' title="bbox 173 947 1340 1009; baseline -0.005 -12.819"><span class='ocrx_word' id='word_1_100' title='bbox 173 954 341 1009; x_wconf 80' lang='grc' dir='ltr'><em>*ἰχθῦς</em></span> <span class='ocrx_word' id='word_1_101' title='bbox 371 951 612 1007; x_wconf 74' lang='grc' dir='ltr'><em>ἀγρώσσων</em></span> <span class='ocrx_word' id='word_1_102' title='bbox 641 951 806 995; x_wconf 76' lang='grc' dir='ltr'><em>πυκινὰ</em></span> <span class='ocrx_word' id='word_1_103' title='bbox 835 949 973 1006; x_wconf 77' lang='grc' dir='ltr'><em>πτερὰ</em></span> <span class='ocrx_word' id='word_1_104' title='bbox 1004 950 1173 994; x_wconf 79' lang='grc' dir='ltr'><em>δεύεται</em></span> <span class='ocrx_word' id='word_1_105' title='bbox 1206 947 1340 1006; x_wconf 83' lang='grc' dir='ltr'><em>ἅλμῃ·</em></span> 
     </span>
    </p>
   </div>
   <div class='ocr_carea' id='block_1_9' title="bbox 36 1096 859 2664">
    <p class='ocr_par' dir='ltr' id='par_1_11' title="bbox 36 1096 855 2422">
     <span class='ocr_line' id='line_1_18' title="bbox 83 1096 844 1141; baseline -0.003 -8"><span class='ocrx_word' id='word_1_106' title='bbox 83 1097 249 1133; x_wconf 83' lang='lat'>44—46.</span> <span class='ocrx_word' id='word_1_107' title='bbox 297 1096 354 1141; x_wconf 86' lang='grc' dir='ltr'><em>α’,</em></span> <span class='ocrx_word' id='word_1_108' title='bbox 379 1099 548 1138; x_wconf 82' lang='grc'><em>96-98,</em></span> <span class='ocrx_word' id='word_1_109' title='bbox 573 1098 612 1132; x_wconf 90' lang='grc' dir='ltr'><em>ΙΙ.</em></span> <span class='ocrx_word' id='word_1_110' title='bbox 639 1097 698 1139; x_wconf 79' lang='grc' dir='ltr'><em>ω’,</em></span> <span class='ocrx_word' id='word_1_111' title='bbox 721 1098 844 1134; x_wconf 75' lang='grc'>340-</span> 
     </span>
     <span class='ocr_line' id='line_1_19' title="bbox 37 1142 843 1189; baseline 0 -10"><span class='ocrx_word' id='word_1_112' title='bbox 37 1144 118 1181; x_wconf 79' lang='lat'><strong>342.</strong></span> <span class='ocrx_word' id='word_1_113' title='bbox 151 1142 344 1189; x_wconf 83' lang='lat' dir='ltr'><strong>posteriore</strong></span> <span class='ocrx_word' id='word_1_114' title='bbox 375 1144 451 1179; x_wconf 84' lang='lat' dir='ltr'><strong>loco</strong></span> <span class='ocrx_word' id='word_1_115' title='bbox 486 1145 586 1178; x_wconf 83' lang='lat' dir='ltr'><strong>etiam</strong></span> <span class='ocrx_word' id='word_1_116' title='bbox 616 1145 683 1179; x_wconf 65' lang='lat'><em>347</em></span> <span class='ocrx_word' id='word_1_117' title='bbox 702 1163 745 1169; x_wconf 93' lang='lat'><em>-—</em></span> <span class='ocrx_word' id='word_1_118' title='bbox 763 1144 843 1179; x_wconf 70' lang='lat'><strong>349.</strong></span> 
     </span>
     <span class='ocr_line' id='line_1_20' title="bbox 38 1190 845 1235; baseline -0.001 -11"><span class='ocrx_word' id='word_1_119' title='bbox 38 1190 212 1235; x_wconf 82' lang='lat' dir='ltr'><strong>leguntur.</strong></span> <span class='ocrx_word' id='word_1_120' title='bbox 248 1190 303 1223; x_wconf 79' lang='lat' dir='ltr'><strong>liic</strong></span> <span class='ocrx_word' id='word_1_121' title='bbox 331 1195 463 1224; x_wconf 79' lang='lat' dir='ltr'><strong>tantum</strong></span> <span class='ocrx_word' id='word_1_122' title='bbox 488 1190 636 1234; x_wconf 80' lang='lat' dir='ltr'><strong>genuina</strong></span> <span class='ocrx_word' id='word_1_123' title='bbox 661 1192 744 1223; x_wconf 80' lang='lat' dir='ltr'><strong>haec</strong></span> <span class='ocrx_word' id='word_1_124' title='bbox 769 1202 845 1224; x_wconf 83' lang='lat' dir='ltr'><strong>esse</strong></span> 
     </span>
     <span class='ocr_line' id='line_1_21' title="bbox 39 1236 845 1280; baseline -0.001 -11"><span class='ocrx_word' id='word_1_125' title='bbox 39 1237 248 1270; x_wconf 78' lang='lat' dir='ltr'><strong>videbantur</strong></span> <span class='ocrx_word' id='word_1_126' title='bbox 272 1236 450 1270; x_wconf 60' lang='lat' dir='ltr'><strong>Zenodoro</strong></span> <span class='ocrx_word' id='word_1_127' title='bbox 477 1245 512 1269; x_wconf 80' lang='lat' dir='ltr'><em>et.</em></span> <span class='ocrx_word' id='word_1_128' title='bbox 527 1236 747 1280; x_wconf 55' lang='lat' dir='ltr'><strong>Ariszophani</strong></span> <span class='ocrx_word' id='word_1_129' title='bbox 771 1237 845 1280; x_wconf 64' lang='lat' dir='ltr'><em>By-</em></span> 
     </span>
     <span class='ocr_line' id='line_1_22' title="bbox 37 1281 845 1323; baseline -0.001 -8"><span class='ocrx_word' id='word_1_130' title='bbox 37 1282 197 1323; x_wconf 69' lang='grc' dir='ltr'><em>τέιιιῐίιιο,</em></span> <span class='ocrx_word' id='word_1_131' title='bbox 232 1287 271 1315; x_wconf 85' lang='lat' dir='ltr'><em>ut</em></span> <span class='ocrx_word' id='word_1_132' title='bbox 295 1288 414 1316; x_wconf 82' lang='lat' dir='ltr'><strong>narrat</strong></span> <span class='ocrx_word' id='word_1_133' title='bbox 438 1282 552 1315; x_wconf 89' lang='lat' dir='ltr'><strong>Schol.</strong></span> <span class='ocrx_word' id='word_1_134' title='bbox 579 1283 667 1315; x_wconf 90' lang='lat' dir='ltr'><strong>Ven.</strong></span> <span class='ocrx_word' id='word_1_135' title='bbox 697 1293 775 1315; x_wconf 82' lang='lat' dir='ltr'><strong>ann.</strong></span> <span class='ocrx_word' id='word_1_136' title='bbox 802 1281 845 1314; x_wconf 82' lang='lat' dir='ltr'><em>ad</em></span> 
     </span>
     <span class='ocr_line' id='line_1_23' title="bbox 37 1323 845 1368; baseline -0.002 -7"><span class='ocrx_word' id='word_1_137' title='bbox 37 1328 78 1361; x_wconf 85' lang='grc' dir='ltr'><em>ΙΙ.</em></span> <span class='ocrx_word' id='word_1_138' title='bbox 101 1328 165 1368; x_wconf 74' lang='grc' dir='ltr'><em>θ’,</em></span> <span class='ocrx_word' id='word_1_139' title='bbox 187 1329 266 1363; x_wconf 88' lang='lat'>385.</span> <span class='ocrx_word' id='word_1_140' title='bbox 306 1331 379 1361; x_wconf 89' lang='lat' dir='ltr'><em>Am.</em></span> <span class='ocrx_word' id='word_1_141' title='bbox 404 1327 473 1368; x_wconf 86' lang='lat' dir='ltr'>Q.‚</span> <span class='ocrx_word' id='word_1_142' title='bbox 506 1327 604 1361; x_wconf 81' lang='lat' dir='ltr'><strong>Harl.</strong></span> <span class='ocrx_word' id='word_1_143' title='bbox 630 1334 666 1360; x_wconf 76' lang='lat' dir='ltr'><em>et</em></span> <span class='ocrx_word' id='word_1_144' title='bbox 689 1328 753 1360; x_wconf 93' lang='lat' dir='ltr'><em>H:</em></span> <span class='ocrx_word' id='word_1_145' title='bbox 788 1323 845 1366; x_wconf 81' lang='grc' dir='ltr'><em>ὡς</em></span> 
     </span>
     <span class='ocr_line' id='line_1_24' title="bbox 38 1370 847 1418; baseline -0.003 -10"><span class='ocrx_word' id='word_1_146' title='bbox 38 1373 202 1418; x_wconf 72' lang='grc' dir='ltr'><em>ἔφατο.</em></span> <span class='ocrx_word' id='word_1_147' title='bbox 234 1374 514 1418; x_wconf 77' lang='grc' dir='ltr'><em>μετηνέχθησαν</em></span> <span class='ocrx_word' id='word_1_148' title='bbox 538 1370 582 1407; x_wconf 81' lang='grc' dir='ltr'><em>ου’</em></span> <span class='ocrx_word' id='word_1_149' title='bbox 609 1371 765 1414; x_wconf 83' lang='grc' dir='ltr'><em>δεόντως</em></span> <span class='ocrx_word' id='word_1_150' title='bbox 790 1372 847 1408; x_wconf 81' lang='grc' dir='ltr'><em>ἐν-</em></span> 
     </span>
     <span class='ocr_line' id='line_1_25' title="bbox 36 1417 846 1464; baseline -0.002 -9"><span class='ocrx_word' id='word_1_151' title='bbox 36 1421 194 1460; x_wconf 80' lang='grc' dir='ltr'><em>τεῦθεν,</em></span> <span class='ocrx_word' id='word_1_152' title='bbox 231 1421 283 1459; x_wconf 80' lang='grc' dir='ltr'><em>εἰς</em></span> <span class='ocrx_word' id='word_1_153' title='bbox 304 1420 349 1454; x_wconf 72' lang='grc' dir='ltr'><em>τά</em></span> <span class='ocrx_word' id='word_1_154' title='bbox 375 1421 457 1464; x_wconf 76' lang='grc' dir='ltr'><em>περὶ</em></span> <span class='ocrx_word' id='word_1_155' title='bbox 481 1419 546 1464; x_wconf 83' lang='grc' dir='ltr'><em>τῆς</em></span> <span class='ocrx_word' id='word_1_156' title='bbox 566 1417 726 1463; x_wconf 75' lang='grc' dir='ltr'><em>Ἀθηνᾶς</em></span> <span class='ocrx_word' id='word_1_157' title='bbox 751 1419 789 1455; x_wconf 75' lang='grc' dir='ltr'><em>ἐν</em></span> <span class='ocrx_word' id='word_1_158' title='bbox 815 1417 846 1453; x_wconf 89' lang='grc' dir='ltr'><em>α’</em></span> 
     </span>
     <span class='ocr_line' id='line_1_26' title="bbox 38 1463 848 1525; baseline -0.001 -24"><span class='ocrx_word' id='word_1_159' title='bbox 38 1466 216 1525; x_wconf 77' lang='grc' dir='ltr'><em>λεγόμενα</em></span> <span class='ocrx_word' id='word_1_160' title='bbox 240 1463 306 1509; x_wconf 88' lang='grc' dir='ltr'><em>(α’,</em></span> <span class='ocrx_word' id='word_1_161' title='bbox 328 1467 406 1521; x_wconf 85' lang='grc'><em>96.)</em></span> <span class='ocrx_word' id='word_1_162' title='bbox 431 1466 492 1500; x_wconf 81' lang='grc' dir='ltr'><em>καὶ</em></span> <span class='ocrx_word' id='word_1_163' title='bbox 517 1466 569 1506; x_wconf 77' lang='grc' dir='ltr'><em>εις</em></span> <span class='ocrx_word' id='word_1_164' title='bbox 598 1479 643 1500; x_wconf 87' lang='grc' dir='ltr'><em>τα</em></span> <span class='ocrx_word' id='word_1_165' title='bbox 666 1467 749 1507; x_wconf 84' lang='grc' dir='ltr'><em>περὶ</em></span> <span class='ocrx_word' id='word_1_166' title='bbox 766 1463 848 1509; x_wconf 87' lang='lat' dir='ltr'><em>E9-</em></span> 
     </span>
     <span class='ocr_line' id='line_1_27' title="bbox 39 1508 849 1558; baseline -0.005 -9"><span class='ocrx_word' id='word_1_167' title='bbox 39 1514 128 1557; x_wconf 83' lang='grc' dir='ltr'><em>μοῦ,</em></span> <span class='ocrx_word' id='word_1_168' title='bbox 147 1510 257 1558; x_wconf 81' lang='grc' dir='ltr'><em>ἡνίκα</em></span> <span class='ocrx_word' id='word_1_169' title='bbox 275 1508 338 1546; x_wconf 80' lang='grc' dir='ltr'><em>ἀπ’</em></span> <span class='ocrx_word' id='word_1_170' title='bbox 352 1508 541 1553; x_wconf 83' lang='grc' dir='ltr'><em>Ὀλύμπου</em></span> <span class='ocrx_word' id='word_1_171' title='bbox 556 1513 607 1552; x_wconf 80' lang='grc' dir='ltr'><em>εἰς</em></span> <span class='ocrx_word' id='word_1_172' title='bbox 621 1510 689 1556; x_wconf 87' lang='grc' dir='ltr'><em>τὴν</em></span> <span class='ocrx_word' id='word_1_173' title='bbox 709 1514 849 1557; x_wconf 85' lang='grc' dir='ltr'><em>Τροίαν</em></span> 
     </span>
     <span class='ocr_line' id='line_1_28' title="bbox 37 1555 849 1601; baseline -0.005 -7"><span class='ocrx_word' id='word_1_174' title='bbox 37 1560 200 1594; x_wconf 72' lang='grc' dir='ltr'><em>κάτεισιν</em></span> <span class='ocrx_word' id='word_1_175' title='bbox 223 1557 281 1601; x_wconf 88' lang='grc' dir='ltr'><em>(ΙΙ.</em></span> <span class='ocrx_word' id='word_1_176' title='bbox 310 1555 362 1599; x_wconf 84' lang='grc' dir='ltr'><em>ω’,</em></span> <span class='ocrx_word' id='word_1_177' title='bbox 387 1559 500 1601; x_wconf 70' lang='lat'><strong>339).</strong></span> <span class='ocrx_word' id='word_1_178' title='bbox 546 1558 711 1601; x_wconf 82' lang='lat' dir='ltr'><strong>adjiciunt</strong></span> <span class='ocrx_word' id='word_1_179' title='bbox 743 1559 849 1592; x_wconf 86' lang='lat' dir='ltr'><strong>ratio-</strong></span> 
     </span>
     <span class='ocr_line' id='line_1_29' title="bbox 38 1603 849 1648; baseline -0.004 -9"><span class='ocrx_word' id='word_1_180' title='bbox 38 1617 115 1639; x_wconf 89' lang='lat' dir='ltr'><em>nem</em></span> <span class='ocrx_word' id='word_1_181' title='bbox 146 1605 244 1648; x_wconf 88' lang='lat' dir='ltr'><strong>hujus</strong></span> <span class='ocrx_word' id='word_1_182' title='bbox 270 1603 394 1648; x_wconf 85' lang='lat' dir='ltr'><strong>judicii</strong></span> <span class='ocrx_word' id='word_1_183' title='bbox 427 1607 498 1637; x_wconf 85' lang='lat' dir='ltr'><em>Am.</em></span> <span class='ocrx_word' id='word_1_184' title='bbox 525 1603 570 1643; x_wconf 89' lang='lat' dir='ltr'>Q.</span> <span class='ocrx_word' id='word_1_185' title='bbox 596 1608 630 1637; x_wconf 84' lang='lat' dir='ltr'><em>et</em></span> <span class='ocrx_word' id='word_1_186' title='bbox 653 1604 697 1636; x_wconf 91' lang='lat' dir='ltr'><em>H.</em></span> <span class='ocrx_word' id='word_1_187' title='bbox 711 1629 721 1645; x_wconf 87' lang='lat'>‚</span> <span class='ocrx_word' id='word_1_188' title='bbox 754 1610 849 1637; x_wconf 90' lang='lat' dir='ltr'><strong>certe</strong></span> 
     </span>
     <span class='ocr_line' id='line_1_30' title="bbox 38 1647 851 1692; baseline -0.001 -7"><span class='ocrx_word' id='word_1_189' title='bbox 38 1651 84 1685; x_wconf 84' lang='lat' dir='ltr'><em>(le</em></span> <span class='ocrx_word' id='word_1_190' title='bbox 106 1650 224 1684; x_wconf 83' lang='lat' dir='ltr'>Iliadis</span> <span class='ocrx_word' id='word_1_191' title='bbox 248 1649 270 1684; x_wconf 91' lang='grc' dir='ltr'><em>Ι.</em></span> <span class='ocrx_word' id='word_1_192' title='bbox 297 1662 325 1683; x_wconf 90' lang='lat' dir='ltr'><strong>c</strong></span> <span class='ocrx_word' id='word_1_193' title='bbox 340 1647 488 1685; x_wconf 76' lang='grc' dir='ltr'><em>ὀυδὲν</em></span> <span class='ocrx_word' id='word_1_194' title='bbox 514 1650 575 1690; x_wconf 86' lang='grc' dir='ltr'><em>δε,</em></span> <span class='ocrx_word' id='word_1_195' title='bbox 602 1651 737 1691; x_wconf 79' lang='grc' dir='ltr'><em>φασὶν,</em></span> <span class='ocrx_word' id='word_1_196' title='bbox 764 1647 851 1692; x_wconf 73' lang='grc' dir='ltr'><em>ὄφε-</em></span> 
     </span>
     <span class='ocr_line' id='line_1_31' title="bbox 39 1694 850 1752; baseline -0.004 -20"><span class='ocrx_word' id='word_1_197' title='bbox 39 1701 104 1737; x_wconf 81' lang='grc' dir='ltr'><em>λος</em></span> <span class='ocrx_word' id='word_1_198' title='bbox 137 1694 278 1732; x_wconf 75' lang='grc' dir='ltr'><em>ἐνθάδε</em></span> <span class='ocrx_word' id='word_1_199' title='bbox 301 1695 467 1752; x_wconf 78' lang='grc' dir='ltr'><em>ῥάβδου,</em></span> <span class='ocrx_word' id='word_1_200' title='bbox 504 1695 624 1738; x_wconf 70' lang='grc' dir='ltr'><em>ὥσπερ</em></span> <span class='ocrx_word' id='word_1_201' title='bbox 650 1695 688 1730; x_wconf 77' lang='grc' dir='ltr'><em>ἐν</em></span> <span class='ocrx_word' id='word_1_202' title='bbox 708 1694 850 1736; x_wconf 78' lang='grc' dir='ltr'><em>Ἰλιάδι,</em></span> 
     </span>
     <span class='ocr_line' id='line_1_32' title="bbox 40 1741 850 1788; baseline -0.004 -9"><span class='ocrx_word' id='word_1_203' title='bbox 40 1743 133 1787; x_wconf 80' lang='grc' dir='ltr'><em>πρὸς</em></span> <span class='ocrx_word' id='word_1_204' title='bbox 149 1741 191 1778; x_wconf 86' lang='grc' dir='ltr'><em>τὸ</em></span> <span class='ocrx_word' id='word_1_205' title='bbox 209 1745 374 1786; x_wconf 82' lang='grc' dir='ltr'><em>κοιμίσαι</em></span> <span class='ocrx_word' id='word_1_206' title='bbox 396 1742 484 1783; x_wconf 79' lang='grc' dir='ltr'><em>τούς</em></span> <span class='ocrx_word' id='word_1_207' title='bbox 501 1741 708 1785; x_wconf 70' lang='grc' dir='ltr'><em>πυλωροίς.</em></span> <span class='ocrx_word' id='word_1_208' title='bbox 749 1754 850 1788; x_wconf 87' lang='lat' dir='ltr'><strong>quam</strong></span> 
     </span>
     <span class='ocr_line' id='line_1_33' title="bbox 43 1788 852 1845; baseline -0.002 -21"><span class='ocrx_word' id='word_1_209' title='bbox 43 1796 156 1824; x_wconf 79' lang='lat' dir='ltr'><strong>tamen</strong></span> <span class='ocrx_word' id='word_1_210' title='bbox 172 1788 248 1845; x_wconf 85' lang='lat' dir='ltr'><strong>ipsi</strong></span> <span class='ocrx_word' id='word_1_211' title='bbox 271 1789 436 1823; x_wconf 83' lang='lat' dir='ltr'><strong>rationem</strong></span> <span class='ocrx_word' id='word_1_212' title='bbox 461 1789 656 1823; x_wconf 79' lang='lat' dir='ltr'><strong>convellunt.</strong></span> <span class='ocrx_word' id='word_1_213' title='bbox 690 1789 750 1843; x_wconf 41' lang='lat' dir='ltr'><strong>his,</strong></span> <span class='ocrx_word' id='word_1_214' title='bbox 773 1801 852 1822; x_wconf 77' lang='lat' dir='ltr'><strong>ver-</strong></span> 
     </span>
     <span class='ocr_line' id='line_1_34' title="bbox 43 1832 851 1877; baseline 0.001 -8"><span class='ocrx_word' id='word_1_215' title='bbox 43 1832 184 1870; x_wconf 74' lang='lat' dir='ltr'>bii-1:06</span> <span class='ocrx_word' id='word_1_216' title='bbox 210 1837 392 1877; x_wconf 78' lang='grc' dir='ltr'><em>συνορῶσι</em></span> <span class='ocrx_word' id='word_1_217' title='bbox 417 1833 457 1870; x_wconf 89' lang='grc' dir='ltr'><em>δε</em></span> <span class='ocrx_word' id='word_1_218' title='bbox 482 1833 539 1870; x_wconf 81' lang='grc' dir='ltr'><em>ὅτι</em></span> <span class='ocrx_word' id='word_1_219' title='bbox 564 1834 643 1869; x_wconf 75' lang='grc' dir='ltr'><em>ἴδιά</em></span> <span class='ocrx_word' id='word_1_220' title='bbox 667 1834 750 1869; x_wconf 79' lang='grc' dir='ltr'><em>τινά</em></span> <span class='ocrx_word' id='word_1_221' title='bbox 776 1834 851 1870; x_wconf 81' lang='grc' dir='ltr'><em>ἐστι</em></span> 
     </span>
     <span class='ocr_line' id='line_1_35' title="bbox 42 1879 850 1926; baseline 0.001 -10"><span class='ocrx_word' id='word_1_222' title='bbox 42 1882 146 1917; x_wconf 77' lang='grc' dir='ltr'><em>θεῶν</em></span> <span class='ocrx_word' id='word_1_223' title='bbox 179 1879 390 1925; x_wconf 80' lang='grc' dir='ltr'><em>φορήματα.</em></span> <span class='ocrx_word' id='word_1_224' title='bbox 439 1895 488 1921; x_wconf 84' lang='grc' dir='ltr'><em>ως</em></span> <span class='ocrx_word' id='word_1_225' title='bbox 519 1882 556 1916; x_wconf 73' lang='grc' dir='ltr'><em>εἴ</em></span> <span class='ocrx_word' id='word_1_226' title='bbox 582 1895 636 1922; x_wconf 80' lang='grc' dir='ltr'><em>τις</em></span> <span class='ocrx_word' id='word_1_227' title='bbox 667 1881 850 1926; x_wconf 81' lang='grc' dir='ltr'><em>μέμφοιτο</em></span> 
     </span>
     <span class='ocr_line' id='line_1_36' title="bbox 46 1928 852 1971; baseline 0.001 -9"><span class='ocrx_word' id='word_1_228' title='bbox 46 1940 108 1962; x_wconf 84' lang='grc' dir='ltr'><em>οτι</em></span> <span class='ocrx_word' id='word_1_229' title='bbox 131 1929 323 1963; x_wconf 84' lang='grc' dir='ltr'><em>Ποσειδων</em></span> <span class='ocrx_word' id='word_1_230' title='bbox 346 1929 398 1968; x_wconf 81' lang='grc' dir='ltr'><em>εἰς</em></span> <span class='ocrx_word' id='word_1_231' title='bbox 421 1930 623 1963; x_wconf 79' lang='grc' dir='ltr'><em>Αἰθιοπίαν</em></span> <span class='ocrx_word' id='word_1_232' title='bbox 648 1928 852 1971; x_wconf 85' lang='grc' dir='ltr'><em>πορευόμε-</em></span> 
     </span>
     <span class='ocr_line' id='line_1_37' title="bbox 43 1974 855 2020; baseline -0.001 -11"><span class='ocrx_word' id='word_1_233' title='bbox 43 1986 110 2014; x_wconf 79' lang='grc' dir='ltr'><em>νος</em></span> <span class='ocrx_word' id='word_1_234' title='bbox 136 1974 279 2018; x_wconf 62' lang='lat' dir='ltr'><strong>[Beati]</strong></span> <span class='ocrx_word' id='word_1_235' title='bbox 303 1976 474 2018; x_wconf 82' lang='grc' dir='ltr'><em>τρίαιναν</em></span> <span class='ocrx_word' id='word_1_236' title='bbox 499 1975 581 2019; x_wconf 66' lang='grc' dir='ltr'><em>ἔχει.</em></span> <span class='ocrx_word' id='word_1_237' title='bbox 615 1986 681 2019; x_wconf 88' lang='lat' dir='ltr'><em>quo</em></span> <span class='ocrx_word' id='word_1_238' title='bbox 702 1976 855 2020; x_wconf 81' lang='lat' dir='ltr'><strong>pertinet</strong></span> 
     </span>
     <span class='ocr_line' id='line_1_38' title="bbox 45 2020 855 2066; baseline 0 -12"><span class='ocrx_word' id='word_1_239' title='bbox 45 2021 149 2054; x_wconf 80' lang='lat' dir='ltr'><strong>etiam</strong></span> <span class='ocrx_word' id='word_1_240' title='bbox 172 2020 278 2061; x_wconf 90' lang='lat' dir='ltr'><strong>illud,</strong></span> <span class='ocrx_word' id='word_1_241' title='bbox 312 2021 403 2066; x_wconf 86' lang='lat' dir='ltr'><strong>quod</strong></span> <span class='ocrx_word' id='word_1_242' title='bbox 429 2021 523 2055; x_wconf 87' lang='lat' dir='ltr'><strong>hisce</strong></span> <span class='ocrx_word' id='word_1_243' title='bbox 546 2022 733 2064; x_wconf 75' lang='lat' dir='ltr'><strong>subjectum</strong></span> <span class='ocrx_word' id='word_1_244' title='bbox 767 2021 855 2065; x_wconf 84' lang='lat' dir='ltr'><strong>legi—</strong></span> 
     </span>
     <span class='ocr_line' id='line_1_39' title="bbox 45 2063 854 2109; baseline 0.001 -9"><span class='ocrx_word' id='word_1_245' title='bbox 45 2071 122 2100; x_wconf 84' lang='lat' dir='ltr'><strong>tur·</strong></span> <span class='ocrx_word' id='word_1_246' title='bbox 153 2063 280 2106; x_wconf 80' lang='grc' dir='ltr'><em>ἄλλως.</em></span> <span class='ocrx_word' id='word_1_247' title='bbox 322 2067 418 2102; x_wconf 69' lang='grc' dir='ltr'><em>κατὰ</em></span> <span class='ocrx_word' id='word_1_248' title='bbox 449 2081 516 2108; x_wconf 84' lang='grc' dir='ltr'><em>τας</em></span> <span class='ocrx_word' id='word_1_249' title='bbox 546 2081 676 2108; x_wconf 74' lang='grc' dir='ltr'><em>νοινας</em></span> <span class='ocrx_word' id='word_1_250' title='bbox 708 2066 854 2109; x_wconf 80' lang='grc' dir='ltr'><em>εννοίας</em></span> 
     </span>
     <span class='ocr_line' id='line_1_40' title="bbox 41 2110 855 2170; baseline 0.001 -23.008"><span class='ocrx_word' id='word_1_251' title='bbox 41 2110 181 2170; x_wconf 81' lang='grc' dir='ltr'><em>Ἀθηνᾶ</em></span> <span class='ocrx_word' id='word_1_252' title='bbox 205 2125 272 2156; x_wconf 88' lang='grc' dir='ltr'><em>μεν</em></span> <span class='ocrx_word' id='word_1_253' title='bbox 297 2111 410 2166; x_wconf 74' lang='grc' dir='ltr'><em>ἔγχος,</em></span> <span class='ocrx_word' id='word_1_254' title='bbox 440 2115 646 2149; x_wconf 79' lang='grc' dir='ltr'><em>Ποσειδῶνι</em></span> <span class='ocrx_word' id='word_1_255' title='bbox 671 2112 711 2148; x_wconf 85' lang='grc' dir='ltr'><em>δε</em></span> <span class='ocrx_word' id='word_1_256' title='bbox 735 2116 855 2157; x_wconf 84' lang='grc' dir='ltr'><em>τρίαι-</em></span> 
     </span>
     <span class='ocr_line' id='line_1_41' title="bbox 45 2149 853 2205; baseline 0.003 -13"><span class='ocrx_word' id='word_1_257' title='bbox 45 2170 136 2200; x_wconf 70' lang='grc' dir='ltr'><em>ναν,</em></span> <span class='ocrx_word' id='word_1_258' title='bbox 156 2149 273 2205; x_wconf 84' lang='grc' dir='ltr'><em>Ερμῇ</em></span> <span class='ocrx_word' id='word_1_259' title='bbox 297 2159 336 2195; x_wconf 77' lang='grc' dir='ltr'><em>δὲ</em></span> <span class='ocrx_word' id='word_1_260' title='bbox 356 2158 495 2204; x_wconf 72' lang='grc' dir='ltr'><em>ῥάβδον</em></span> <span class='ocrx_word' id='word_1_261' title='bbox 516 2161 768 2205; x_wconf 74' lang='grc' dir='ltr'><em>παρατίθησιν</em></span> <span class='ocrx_word' id='word_1_262' title='bbox 787 2165 853 2194; x_wconf 82' lang='lat' dir='ltr'><em>etc</em></span> 
     </span>
     <span class='ocr_line' id='line_1_42' title="bbox 46 2205 854 2241; baseline 0.002 -3"><span class='ocrx_word' id='word_1_263' title='bbox 46 2210 127 2238; x_wconf 79' lang='lat' dir='ltr'><strong>sunt</strong></span> <span class='ocrx_word' id='word_1_264' title='bbox 148 2205 214 2239; x_wconf 82' lang='lat' dir='ltr'><em>hae</em></span> <span class='ocrx_word' id='word_1_265' title='bbox 237 2206 331 2240; x_wconf 84' lang='lat' dir='ltr'><strong>velut</strong></span> <span class='ocrx_word' id='word_1_266' title='bbox 350 2207 517 2241; x_wconf 67' lang='lat' dir='ltr'><strong>tonnulae</strong></span> <span class='ocrx_word' id='word_1_267' title='bbox 541 2207 676 2241; x_wconf 77' lang='lat' dir='ltr'><strong>dicendi</strong></span> <span class='ocrx_word' id='word_1_268' title='bbox 701 2213 854 2240; x_wconf 75' lang='lat' dir='ltr'><strong>veterum</strong></span> 
     </span>
     <span class='ocr_line' id='line_1_43' title="bbox 48 2250 855 2296; baseline 0.002 -12"><span class='ocrx_word' id='word_1_269' title='bbox 48 2250 251 2296; x_wconf 82' lang='lat' dir='ltr'><strong>Epicorum,</strong></span> <span class='ocrx_word' id='word_1_270' title='bbox 275 2263 359 2296; x_wconf 88' lang='lat' dir='ltr'><strong>quas</strong></span> <span class='ocrx_word' id='word_1_271' title='bbox 380 2265 448 2287; x_wconf 89' lang='lat' dir='ltr'><em>non</em></span> <span class='ocrx_word' id='word_1_272' title='bbox 467 2253 574 2296; x_wconf 81' lang='lat' dir='ltr'><strong>magis</strong></span> <span class='ocrx_word' id='word_1_273' title='bbox 598 2254 640 2286; x_wconf 87' lang='lat' dir='ltr'><em>ad</em></span> <span class='ocrx_word' id='word_1_274' title='bbox 662 2253 773 2287; x_wconf 84' lang='lat' dir='ltr'><strong>vivum</strong></span> <span class='ocrx_word' id='word_1_275' title='bbox 799 2265 855 2286; x_wconf 86' lang='lat' dir='ltr'><em>re-</em></span> 
     </span>
     <span class='ocr_line' id='line_1_44' title="bbox 49 2298 855 2343; baseline 0.004 -14"><span class='ocrx_word' id='word_1_276' title='bbox 49 2306 160 2330; x_wconf 76' lang='lat' dir='ltr'><strong>secem</strong></span> <span class='ocrx_word' id='word_1_277' title='bbox 189 2308 288 2341; x_wconf 84' lang='lat' dir='ltr'><strong>quam</strong></span> <span class='ocrx_word' id='word_1_278' title='bbox 322 2298 500 2343; x_wconf 71' lang='lat' dir='ltr'><strong>epitheta,</strong></span> <span class='ocrx_word' id='word_1_279' title='bbox 533 2311 620 2343; x_wconf 81' lang='lat' dir='ltr'><strong>quae</strong></span> <span class='ocrx_word' id='word_1_280' title='bbox 654 2299 772 2332; x_wconf 83' lang='lat' dir='ltr'><strong>vocari</strong></span> <span class='ocrx_word' id='word_1_281' title='bbox 798 2310 855 2332; x_wconf 83' lang='lat' dir='ltr'><strong>so·-</strong></span> 
     </span>
     <span class='ocr_line' id='line_1_45' title="bbox 51 2341 855 2391; baseline 0.005 -16"><span class='ocrx_word' id='word_1_282' title='bbox 51 2341 122 2375; x_wconf 86' lang='lat' dir='ltr'><strong>lent</strong></span> <span class='ocrx_word' id='word_1_283' title='bbox 140 2350 318 2387; x_wconf 83' lang='lat' dir='ltr'><strong>perpetua,</strong></span> <span class='ocrx_word' id='word_1_284' title='bbox 336 2345 460 2390; x_wconf 81' lang='lat' dir='ltr'><strong>quibus</strong></span> <span class='ocrx_word' id='word_1_285' title='bbox 480 2346 569 2379; x_wconf 73' lang='lat' dir='ltr'><strong>istae</strong></span> <span class='ocrx_word' id='word_1_286' title='bbox 588 2346 754 2379; x_wconf 83' lang='lat' dir='ltr'><strong>1ormulae</strong></span> <span class='ocrx_word' id='word_1_287' title='bbox 774 2357 855 2391; x_wconf 88' lang='lat' dir='ltr'><strong>per-</strong></span> 
     </span>
     <span class='ocr_line' id='line_1_46' title="bbox 50 2386 290 2423; baseline 0.009 -3"><span class='ocrx_word' id='word_1_288' title='bbox 50 2386 177 2421; x_wconf 75' lang='lat' dir='ltr'>similes</span> <span class='ocrx_word' id='word_1_289' title='bbox 199 2395 290 2423; x_wconf 75' lang='lat' dir='ltr'><strong>sunt.</strong></span> 
     </span>
    </p>

    <p class='ocr_par' dir='ltr' id='par_1_12' title="bbox 50 2433 859 2664">
     <span class='ocr_line' id='line_1_47' title="bbox 96 2433 855 2482; baseline 0.003 -14"><span class='ocrx_word' id='word_1_290' title='bbox 96 2433 261 2470; x_wconf 84' lang='grc'><em>47-56.</em></span> <span class='ocrx_word' id='word_1_291' title='bbox 308 2435 352 2469; x_wconf 85' lang='lat' dir='ltr'><em>de</em></span> <span class='ocrx_word' id='word_1_292' title='bbox 382 2437 487 2482; x_wconf 78' lang='lat' dir='ltr'><strong>virga</strong></span> <span class='ocrx_word' id='word_1_293' title='bbox 514 2437 677 2470; x_wconf 79' lang='lat' dir='ltr'><strong>Mercun‘i</strong></span> <span class='ocrx_word' id='word_1_294' title='bbox 709 2449 742 2470; x_wconf 77' lang='lat' dir='ltr'><em>v,</em></span> <span class='ocrx_word' id='word_1_295' title='bbox 777 2447 855 2472; x_wconf 83' lang='lat' dir='ltr'><strong>ann.</strong></span> 
     </span>
     <span class='ocr_line' id='line_1_48' title="bbox 51 2477 856 2524; baseline 0.009 -13"><span class='ocrx_word' id='word_1_296' title='bbox 51 2477 96 2512; x_wconf 85' lang='lat' dir='ltr'><em>ad</em></span> <span class='ocrx_word' id='word_1_297' title='bbox 129 2477 363 2522; x_wconf 76' lang='lat' dir='ltr'><strong>11.m‘,343.</strong></span> <span class='ocrx_word' id='word_1_298' title='bbox 395 2490 431 2516; x_wconf 84' lang='lat' dir='ltr'><em>et</em></span> <span class='ocrx_word' id='word_1_299' title='bbox 468 2483 513 2517; x_wconf 78' lang='lat' dir='ltr'><strong>cf.</strong></span> <span class='ocrx_word' id='word_1_300' title='bbox 547 2481 608 2524; x_wconf 83' lang='grc' dir='ltr'><em>ω’,</em></span> <span class='ocrx_word' id='word_1_301' title='bbox 644 2484 777 2518; x_wconf 80' lang='lat'><strong><em>2—-5-</em></strong></span> <span class='ocrx_word' id='word_1_302' title='bbox 811 2501 856 2506; x_wconf 89' lang='grc'><em>-·</em></span> 
     </span>
     <span class='ocr_line' id='line_1_49' title="bbox 51 2521 857 2572; baseline 0.004 -14"><span class='ocrx_word' id='word_1_303' title='bbox 51 2521 172 2568; x_wconf 76' lang='grc' dir='ltr'><em>ἄνδρ</em></span> <span class='ocrx_word' id='word_1_304' title='bbox 185 2538 242 2559; x_wconf 85' lang='grc' dir='ltr'><em>ων</em></span> <span class='ocrx_word' id='word_1_305' title='bbox 276 2545 319 2551; x_wconf 90' lang='grc'><strong>-</strong></span> <span class='ocrx_word' id='word_1_306' title='bbox 349 2540 464 2569; x_wconf 86' lang='grc' dir='ltr'><em>τους</em></span> <span class='ocrx_word' id='word_1_307' title='bbox 494 2528 554 2564; x_wconf 85' lang='grc' dir='ltr'><em>δέ.</em></span> <span class='ocrx_word' id='word_1_308' title='bbox 598 2529 687 2562; x_wconf 82' lang='lat' dir='ltr'><strong>idern</strong></span> <span class='ocrx_word' id='word_1_309' title='bbox 719 2528 857 2572; x_wconf 81' lang='lat' dir='ltr'><strong>vulgari</strong></span> 
     </span>
     <span class='ocr_line' id='line_1_50' title="bbox 50 2537 858 2618; baseline 0.006 -14"><span class='ocrx_word' id='word_1_310' title='bbox 50 2537 172 2606; x_wconf 51' lang='lat' dir='ltr'><strong>modo?</strong></span> <span class='ocrx_word' id='word_1_311' title='bbox 185 2570 331 2606; x_wconf 79' lang='lat' dir='ltr'>dixisset</span> <span class='ocrx_word' id='word_1_312' title='bbox 360 2575 433 2608; x_wconf 81' lang='grc' dir='ltr'><em>τῶν</em></span> <span class='ocrx_word' id='word_1_313' title='bbox 459 2573 524 2617; x_wconf 78' lang='grc' dir='ltr'><em>μὲν</em></span> <span class='ocrx_word' id='word_1_314' title='bbox 554 2573 701 2618; x_wconf 79' lang='grc' dir='ltr'><em>ὄμματα</em></span> <span class='ocrx_word' id='word_1_315' title='bbox 724 2576 858 2618; x_wconf 58' lang='grc' dir='ltr'><em>θέλῃει,</em></span> 
     </span>
     <span class='ocr_line' id='line_1_51' title="bbox 50 2616 859 2664; baseline 0.004 -13"><span class='ocrx_word' id='word_1_316' title='bbox 50 2629 139 2657; x_wconf 85' lang='grc' dir='ltr'><em>τους</em></span> <span class='ocrx_word' id='word_1_317' title='bbox 163 2616 201 2652; x_wconf 76' lang='grc' dir='ltr'><em>δὲ</em></span> <span class='ocrx_word' id='word_1_318' title='bbox 220 2624 287 2652; x_wconf 86' lang='lat' dir='ltr'><strong>etc.</strong></span> <span class='ocrx_word' id='word_1_319' title='bbox 298 2643 308 2660; x_wconf 93' lang='lat'>,</span> <span class='ocrx_word' id='word_1_320' title='bbox 333 2630 449 2654; x_wconf 85' lang='lat' dir='ltr'><strong>verum</strong></span> <span class='ocrx_word' id='word_1_321' title='bbox 471 2632 576 2664; x_wconf 82' lang='lat' dir='ltr'><strong>saepe</strong></span> <span class='ocrx_word' id='word_1_322' title='bbox 599 2621 665 2663; x_wconf 71' lang='grc' dir='ltr'><em>μὲν</em></span> <span class='ocrx_word' id='word_1_323' title='bbox 689 2622 859 2656; x_wconf 78' lang='lat' dir='ltr'><strong>omittitur</strong></span> 
     </span>
    </p>
   </div>
   <div class='ocr_carea' id='block_1_10' title="bbox 0 2662 860 2709">
    <p class='ocr_par' dir='ltr' id='par_1_13' title="bbox 0 2662 860 2709">
     <span class='ocr_line' id='line_1_52' title="bbox 0 2662 860 2709; baseline 0.006 -13"><span class='ocrx_word' id='word_1_324' title='bbox 0 2682 2 2690; x_wconf 92' lang='lat'><em>·</em></span> <span class='ocrx_word' id='word_1_325' title='bbox 50 2662 86 2696; x_wconf 86' lang='lat' dir='ltr'><em>in</em></span> <span class='ocrx_word' id='word_1_326' title='bbox 107 2664 252 2706; x_wconf 80' lang='lat' dir='ltr'><strong>protasi.</strong></span> <span class='ocrx_word' id='word_1_327' title='bbox 292 2675 326 2699; x_wconf 87' lang='lat' dir='ltr'><strong>v.</strong></span> <span class='ocrx_word' id='word_1_328' title='bbox 350 2677 426 2699; x_wconf 88' lang='lat' dir='ltr'><strong>ann.</strong></span> <span class='ocrx_word' id='word_1_329' title='bbox 452 2667 496 2699; x_wconf 88' lang='lat' dir='ltr'><em>ad</em></span> <span class='ocrx_word' id='word_1_330' title='bbox 521 2667 621 2709; x_wconf 86' lang='grc' dir='ltr'><em>11.λ,</em></span> <span class='ocrx_word' id='word_1_331' title='bbox 648 2669 722 2703; x_wconf 85' lang='grc'><em>171.</em></span> <span class='ocrx_word' id='word_1_332' title='bbox 747 2674 782 2701; x_wconf 76' lang='lat' dir='ltr'><em>et</em></span> <span class='ocrx_word' id='word_1_333' title='bbox 806 2666 860 2709; x_wconf 80' lang='grc' dir='ltr'><em>ψ’,</em></span> 
     </span>
    </p>
   </div>
   <div class='ocr_carea' id='block_1_11' title="bbox 51 2709 864 2858">
    <p class='ocr_par' dir='ltr' id='par_1_14' title="bbox 51 2709 860 2848">
     <span class='ocr_line' id='line_1_53' title="bbox 51 2709 860 2758; baseline 0.005 -14"><span class='ocrx_word' id='word_1_334' title='bbox 51 2709 132 2744; x_wconf 86' lang='grc'><em>577.</em></span> <span class='ocrx_word' id='word_1_335' title='bbox 167 2709 233 2751; x_wconf 81' lang='grc' dir='ltr'><em>,,,ΙΙ</em></span> <span class='ocrx_word' id='word_1_336' title='bbox 259 2709 302 2750; x_wconf 89' lang='grc' dir='ltr'><em>ι’,</em></span> <span class='ocrx_word' id='word_1_337' title='bbox 328 2712 433 2746; x_wconf 76' lang='lat'><em>515:</em></span> <span class='ocrx_word' id='word_1_338' title='bbox 462 2713 537 2755; x_wconf 79' lang='grc' dir='ltr'><em>δαῖρ</em></span> <span class='ocrx_word' id='word_1_339' title='bbox 541 2726 564 2747; x_wconf 89' lang='grc' dir='ltr'><em>α</em></span> <span class='ocrx_word' id='word_1_340' title='bbox 588 2713 715 2758; x_wconf 79' lang='grc' dir='ltr'><em>φέροι,</em></span> <span class='ocrx_word' id='word_1_341' title='bbox 745 2712 791 2748; x_wconf 81' lang='grc' dir='ltr'><em>τοὶ</em></span> <span class='ocrx_word' id='word_1_342' title='bbox 819 2712 860 2748; x_wconf 85' lang='grc' dir='ltr'><em>δέ</em></span> 
     </span>
     <span class='ocr_line' id='line_1_54' title="bbox 56 2754 864 2815; baseline 0.006 -26"><span class='ocrx_word' id='word_1_343' title='bbox 56 2773 110 2790; x_wconf 92' lang='grc'><em>-.</em></span> <span class='ocrx_word' id='word_1_344' title='bbox 132 2755 172 2789; x_wconf 86' lang='grc' dir='ltr'><em>ΙΙ.</em></span> <span class='ocrx_word' id='word_1_345' title='bbox 192 2754 234 2795; x_wconf 79' lang='grc' dir='ltr'><em>λ’,</em></span> <span class='ocrx_word' id='word_1_346' title='bbox 254 2757 354 2791; x_wconf 83' lang='lat'>536..</span> <span class='ocrx_word' id='word_1_347' title='bbox 378 2756 604 2801; x_wconf 71' lang='grc' dir='ltr'><em>ῥαθάμιγγες</em></span> <span class='ocrx_word' id='word_1_348' title='bbox 629 2760 793 2815; x_wconf 69' lang='grc' dir='ltr'><em>ἔβαλλον,</em></span> <span class='ocrx_word' id='word_1_349' title='bbox 819 2760 864 2794; x_wconf 81' lang='grc' dir='ltr'><em>αἵ</em></span> 
     </span>
     <span class='ocr_line' id='line_1_55' title="bbox 214 2802 858 2858; baseline 0.011 -24"><span class='ocrx_word' id='word_1_350' title='bbox 214 2802 316 2858; x_wconf 82' lang='lat' dir='ltr'><strong>paulo</strong></span> <span class='ocrx_word' id='word_1_351' title='bbox 336 2804 437 2837; x_wconf 86' lang='lat' dir='ltr'><strong>aliter</strong></span> <span class='ocrx_word' id='word_1_352' title='bbox 456 2803 498 2848; x_wconf 83' lang='grc' dir='ltr'><em>γ’,</em></span> <span class='ocrx_word' id='word_1_353' title='bbox 516 2805 572 2841; x_wconf 85' lang='grc'><em>33.</em></span> <span class='ocrx_word' id='word_1_354' title='bbox 588 2812 624 2840; x_wconf 84' lang='lat' dir='ltr'><em>et</em></span> <span class='ocrx_word' id='word_1_355' title='bbox 643 2807 725 2850; x_wconf 54' lang='lat'><strong>114.</strong></span> <span class='ocrx_word' id='word_1_356' title='bbox 737 2808 858 2849; x_wconf 70' lang='lat'><strong>‚428.‚</strong></span> 
     </span>
    </p>
   </div>
   <div class='ocr_carea' id='block_1_12' title="bbox 54 2832 859 3031">
    <p class='ocr_par' dir='ltr' id='par_1_15' title="bbox 54 2832 859 3031">
     <span class='ocr_line' id='line_1_56' title="bbox 54 2832 859 2942; baseline 0.007 -15"><span class='ocrx_word' id='word_1_357' title='bbox 54 2883 252 2933; x_wconf 74' lang='lat'><strong>0¹,5&#39;11.⁶</strong></span> <span class='ocrx_word' id='word_1_358' title='bbox 284 2895 318 2928; x_wconf 76' lang='lat' dir='ltr'><em>E</em></span> <span class='ocrx_word' id='word_1_359' title='bbox 341 2897 385 2929; x_wconf 83' lang='lat' dir='ltr'><strong>N.</strong></span> <span class='ocrx_word' id='word_1_360' title='bbox 411 2915 455 2922; x_wconf 91' lang='lat'>-</span> <span class='ocrx_word' id='word_1_361' title='bbox 499 2897 716 2942; x_wconf 70' lang='grc' dir='ltr'><em>Πιερίην.</em></span> <span class='ocrx_word' id='word_1_362' title='bbox 717 2832 859 2942; x_wconf 45' lang='lat' dir='ltr'>²16⁷AE</span> 
     </span>
     <span class='ocr_line' id='line_1_57' title="bbox 54 2938 859 2986; baseline 0.007 -13"><span class='ocrx_word' id='word_1_363' title='bbox 54 2938 134 2974; x_wconf 83' lang='grc'><em>766.</em></span> <span class='ocrx_word' id='word_1_364' title='bbox 167 2941 211 2974; x_wconf 83' lang='lat' dir='ltr'><em>ab</em></span> <span class='ocrx_word' id='word_1_365' title='bbox 235 2940 302 2985; x_wconf 79' lang='lat' dir='ltr'><em>Oly</em></span> <span class='ocrx_word' id='word_1_366' title='bbox 282 2941 374 2986; x_wconf 79' lang='lat' dir='ltr'><strong>ympi</strong></span> <span class='ocrx_word' id='word_1_367' title='bbox 406 2942 535 2978; x_wconf 78' lang='lat' dir='ltr'><strong>vertice</strong></span> <span class='ocrx_word' id='word_1_368' title='bbox 566 2943 601 2977; x_wconf 85' lang='lat' dir='ltr'><em>in</em></span> <span class='ocrx_word' id='word_1_369' title='bbox 626 2943 772 2978; x_wconf 75' lang='lat' dir='ltr'>Pieriam</span> <span class='ocrx_word' id='word_1_370' title='bbox 797 2945 859 2979; x_wconf 89' lang='lat' dir='ltr'><em>de-</em></span> 
     </span>
     <span class='ocr_line' id='line_1_58' title="bbox 55 2983 856 3031; baseline 0.009 -13"><span class='ocrx_word' id='word_1_371' title='bbox 55 2983 171 3029; x_wconf 74' lang='lat' dir='ltr'><strong>lapsus</strong></span> <span class='ocrx_word' id='word_1_372' title='bbox 197 2987 412 3030; x_wconf 79' lang='lat' dir='ltr'><strong>Mercurius,</strong></span> <span class='ocrx_word' id='word_1_373' title='bbox 446 2988 526 3022; x_wconf 90' lang='lat' dir='ltr'><strong>inde</strong></span> <span class='ocrx_word' id='word_1_374' title='bbox 555 2989 702 3023; x_wconf 81' lang='lat' dir='ltr'><strong>fertur·</strong></span> <span class='ocrx_word' id='word_1_375' title='bbox 693 3001 729 3023; x_wconf 90' lang='grc' dir='ltr'><em>ιιι</em></span> <span class='ocrx_word' id='word_1_376' title='bbox 752 3001 856 3031; x_wconf 83' lang='lat' dir='ltr'><strong>mare,</strong></span> 
     </span>
    </p>
   </div>
   <div class='ocr_carea' id='block_1_13' title="bbox 55 3031 858 3080">
    <p class='ocr_par' dir='ltr' id='par_1_16' title="bbox 55 3031 858 3080">
     <span class='ocr_line' id='line_1_59' title="bbox 55 3031 858 3080; baseline 0.009 -16"><span class='ocrx_word' id='word_1_377' title='bbox 55 3031 228 3076; x_wconf 71' lang='lat' dir='ltr'><strong>tertioque</strong></span> <span class='ocrx_word' id='word_1_378' title='bbox 249 3032 343 3069; x_wconf 76' lang='lat' dir='ltr'><strong>velut</strong></span> <span class='ocrx_word' id='word_1_379' title='bbox 365 3034 494 3080; x_wconf 87' lang='lat' dir='ltr'><strong>impetu</strong></span> <span class='ocrx_word' id='word_1_380' title='bbox 522 3035 614 3070; x_wconf 81' lang='lat' dir='ltr'><strong>facto</strong></span> <span class='ocrx_word' id='word_1_381' title='bbox 633 3037 792 3080; x_wconf 81' lang='lat' dir='ltr'><strong>pervenit</strong></span> <span class='ocrx_word' id='word_1_382' title='bbox 814 3036 858 3071; x_wconf 79' lang='lat' dir='ltr'><em>ad</em></span> 
     </span>
    </p>
   </div>
   <div class='ocr_carea' id='block_1_14' title="bbox 889 1091 1709 1510">
    <p class='ocr_par' dir='ltr' id='par_1_17' title="bbox 889 1091 1709 1510">
     <span class='ocr_line' id='line_1_60' title="bbox 891 1091 1704 1153; baseline -0.001 -22"><span class='ocrx_word' id='word_1_383' title='bbox 891 1096 1079 1153; x_wconf 69' lang='lat' dir='ltr'><strong>Ogygiam.</strong></span> <span class='ocrx_word' id='word_1_384' title='bbox 1125 1096 1175 1129; x_wconf 87' lang='lat' dir='ltr'><em>sic</em></span> <span class='ocrx_word' id='word_1_385' title='bbox 1200 1095 1244 1129; x_wconf 88' lang='lat' dir='ltr'><em>de</em></span> <span class='ocrx_word' id='word_1_386' title='bbox 1278 1095 1445 1151; x_wconf 83' lang='lat' dir='ltr'><strong>Neptuno</strong></span> <span class='ocrx_word' id='word_1_387' title='bbox 1479 1094 1516 1128; x_wconf 89' lang='grc' dir='ltr'><em>ΙΙ.</em></span> <span class='ocrx_word' id='word_1_388' title='bbox 1550 1091 1598 1132; x_wconf 83' lang='grc' dir='ltr'><em>ν’,</em></span> <span class='ocrx_word' id='word_1_389' title='bbox 1623 1095 1704 1130; x_wconf 68' lang='grc' dir='ltr'><em>2οΛ</em></span> 
     </span>
     <span class='ocr_line' id='line_1_61' title="bbox 890 1139 1707 1187; baseline -0.002 -11"><span class='ocrx_word' id='word_1_390' title='bbox 890 1146 968 1185; x_wconf 84' lang='grc' dir='ltr'><em>τρὶς</em></span> <span class='ocrx_word' id='word_1_391' title='bbox 998 1156 1064 1187; x_wconf 78' lang='grc' dir='ltr'><em>μεν</em></span> <span class='ocrx_word' id='word_1_392' title='bbox 1090 1139 1233 1184; x_wconf 73' lang='grc' dir='ltr'><em>ὀρέξατ’</em></span> <span class='ocrx_word' id='word_1_393' title='bbox 1260 1139 1349 1184; x_wconf 76' lang='grc' dir='ltr'><em>ἴων,</em></span> <span class='ocrx_word' id='word_1_394' title='bbox 1385 1142 1427 1177; x_wconf 82' lang='grc' dir='ltr'><em>τὸ</em></span> <span class='ocrx_word' id='word_1_395' title='bbox 1462 1139 1502 1174; x_wconf 81' lang='grc' dir='ltr'><em>δὲ</em></span> <span class='ocrx_word' id='word_1_396' title='bbox 1532 1140 1707 1184; x_wconf 78' lang='grc' dir='ltr'><em>τέτρατον</em></span> 
     </span>
     <span class='ocr_line' id='line_1_62' title="bbox 892 1186 1705 1233; baseline -0.004 -8"><span class='ocrx_word' id='word_1_397' title='bbox 892 1191 988 1225; x_wconf 78' lang='grc' dir='ltr'><em>ικετο</em></span> <span class='ocrx_word' id='word_1_398' title='bbox 1022 1187 1339 1233; x_wconf 63' lang='grc' dir='ltr'><em>τέκμωρ,Αι’γας.</em></span> <span class='ocrx_word' id='word_1_399' title='bbox 1388 1188 1510 1222; x_wconf 85' lang='lat' dir='ltr'><strong>cf.11.</strong></span> <span class='ocrx_word' id='word_1_400' title='bbox 1537 1186 1566 1229; x_wconf 75' lang='grc' dir='ltr'><em>ξ’</em></span> <span class='ocrx_word' id='word_1_401' title='bbox 1623 1188 1705 1230; x_wconf 73' lang='grc'><em>215,</em></span> 
     </span>
     <span class='ocr_line' id='line_1_63' title="bbox 892 1221 1708 1279; baseline 0.001 -13"><span class='ocrx_word' id='word_1_402' title='bbox 892 1237 992 1270; x_wconf 83' lang='lat' dir='ltr'><strong>Voss.</strong></span> <span class='ocrx_word' id='word_1_403' title='bbox 1020 1221 1164 1279; x_wconf 67' lang='grc' dir='ltr'><em>ἸΙμιΙιοῘ.</em></span> <span class='ocrx_word' id='word_1_404' title='bbox 1185 1236 1247 1269; x_wconf 76' lang='grc' dir='ltr'><em>Ην.</em></span> <span class='ocrx_word' id='word_1_405' title='bbox 1273 1237 1329 1270; x_wconf 76' lang='grc'><em>27.</em></span> <span class='ocrx_word' id='word_1_406' title='bbox 1348 1252 1392 1261; x_wconf 92' lang='grc'><em>-·</em></span> <span class='ocrx_word' id='word_1_407' title='bbox 1427 1233 1473 1276; x_wconf 78' lang='grc' dir='ltr'><em>ἐξ</em></span> <span class='ocrx_word' id='word_1_408' title='bbox 1499 1232 1708 1277; x_wconf 73' lang='grc' dir='ltr'><em>αἰθέρος</em></span> 
     </span>
     <span class='ocr_line' id='line_1_64' title="bbox 891 1280 1707 1335; baseline -0.004 -19"><span class='ocrx_word' id='word_1_409' title='bbox 891 1281 1062 1324; x_wconf 81' lang='grc' dir='ltr'><em>ἔμπεσε</em></span> <span class='ocrx_word' id='word_1_410' title='bbox 1097 1280 1278 1335; x_wconf 81' lang='grc' dir='ltr'><em>πόντῳ,</em></span> <span class='ocrx_word' id='word_1_411' title='bbox 1325 1293 1366 1314; x_wconf 72' lang='lat' dir='ltr'><em>ex</em></span> <span class='ocrx_word' id='word_1_412' title='bbox 1409 1280 1549 1314; x_wconf 75' lang='lat' dir='ltr'><strong>aethere</strong></span> <span class='ocrx_word' id='word_1_413' title='bbox 1583 1280 1707 1314; x_wconf 80' lang='lat' dir='ltr'><strong><em>incidit</em></strong></span> 
     </span>
     <span class='ocr_line' id='line_1_65' title="bbox 889 1326 1709 1372; baseline -0.002 -11"><span class='ocrx_word' id='word_1_414' title='bbox 889 1334 1016 1372; x_wconf 74' lang='lat' dir='ltr'><strong>ponto,</strong></span> <span class='ocrx_word' id='word_1_415' title='bbox 1053 1329 1083 1360; x_wconf 88' lang='lat' dir='ltr'><em>h.</em></span> <span class='ocrx_word' id='word_1_416' title='bbox 1111 1340 1140 1361; x_wconf 87' lang='lat' dir='ltr'><em>e.</em></span> <span class='ocrx_word' id='word_1_417' title='bbox 1173 1327 1242 1361; x_wconf 74' lang='lat' dir='ltr'><strong>iter</strong></span> <span class='ocrx_word' id='word_1_418' title='bbox 1278 1327 1406 1361; x_wconf 72' lang='lat' dir='ltr'><strong>aerium</strong></span> <span class='ocrx_word' id='word_1_419' title='bbox 1443 1338 1515 1360; x_wconf 88' lang='lat' dir='ltr'><em>cum</em></span> <span class='ocrx_word' id='word_1_420' title='bbox 1550 1326 1709 1360; x_wconf 79' lang='lat' dir='ltr'><em>faciliore</em></span> 
     </span>
     <span class='ocr_line' id='line_1_66' title="bbox 894 1373 1708 1419; baseline 0.001 -13"><span class='ocrx_word' id='word_1_421' title='bbox 894 1386 956 1419; x_wconf 81' lang='lat' dir='ltr'><strong>per</strong></span> <span class='ocrx_word' id='word_1_422' title='bbox 977 1385 1068 1406; x_wconf 76' lang='lat' dir='ltr'><strong>mare</strong></span> <span class='ocrx_word' id='word_1_423' title='bbox 1086 1373 1318 1409; x_wconf 75' lang='lat' dir='ltr'><strong>commutavit.</strong></span> <span class='ocrx_word' id='word_1_424' title='bbox 1344 1373 1444 1406; x_wconf 82' lang='lat' dir='ltr'><strong>Voss.</strong></span> <span class='ocrx_word' id='word_1_425' title='bbox 1466 1373 1488 1406; x_wconf 92' lang='grc' dir='ltr'><em>Ι.</em></span> <span class='ocrx_word' id='word_1_426' title='bbox 1507 1385 1536 1407; x_wconf 93' lang='lat' dir='ltr'><strong>c</strong></span> <span class='ocrx_word' id='word_1_427' title='bbox 1557 1373 1708 1416; x_wconf 86' lang='lat' dir='ltr'><strong>p..193=</strong></span> 
     </span>
     <span class='ocr_line' id='line_1_67' title="bbox 895 1419 1709 1463; baseline 0.003 -12.09"><span class='ocrx_word' id='word_1_428' title='bbox 895 1420 984 1461; x_wconf 39' lang='lat' dir='ltr'><em>‚JV</em></span> <span class='ocrx_word' id='word_1_429' title='bbox 979 1432 1010 1452; x_wconf 78' lang='lat' dir='ltr'><em>ie</em></span> <span class='ocrx_word' id='word_1_430' title='bbox 1022 1420 1166 1453; x_wconf 82' lang='lat' dir='ltr'><strong>Homers</strong></span> <span class='ocrx_word' id='word_1_431' title='bbox 1182 1421 1311 1453; x_wconf 82' lang='lat' dir='ltr'>G6tter</span> <span class='ocrx_word' id='word_1_432' title='bbox 1330 1419 1404 1452; x_wconf 88' lang='lat' dir='ltr'><em>dem</em></span> <span class='ocrx_word' id='word_1_433' title='bbox 1424 1419 1609 1463; x_wconf 85' lang='lat' dir='ltr'><strong>gradesten</strong></span> <span class='ocrx_word' id='word_1_434' title='bbox 1624 1419 1670 1451; x_wconf 85' lang='lat' dir='ltr'>W</span> <span class='ocrx_word' id='word_1_435' title='bbox 1672 1431 1709 1453; x_wconf 88' lang='lat' dir='ltr'><em>e-</em></span> 
     </span>
     <span class='ocr_line' id='line_1_68' title="bbox 895 1465 1709 1510; baseline -0.001 -12"><span class='ocrx_word' id='word_1_436' title='bbox 895 1477 961 1510; x_wconf 79' lang='lat' dir='ltr'><em>ge,</em></span> <span class='ocrx_word' id='word_1_437' title='bbox 985 1476 1086 1498; x_wconf 72' lang='lat' dir='ltr'><strong>wenn</strong></span> <span class='ocrx_word' id='word_1_438' title='bbox 1108 1477 1144 1499; x_wconf 87' lang='lat' dir='ltr'><em>er</em></span> <span class='ocrx_word' id='word_1_439' title='bbox 1165 1466 1221 1499; x_wconf 90' lang='lat' dir='ltr'><em>die</em></span> <span class='ocrx_word' id='word_1_440' title='bbox 1241 1466 1532 1499; x_wconf 85' lang='lat' dir='ltr'><strong>beschwerlichen</strong></span> <span class='ocrx_word' id='word_1_441' title='bbox 1554 1465 1709 1498; x_wconf 81' lang='lat' dir='ltr'><strong>Schritte</strong></span> 
     </span>
    </p>
   </div>
   <div class='ocr_carea' id='block_1_15' title="bbox 896 1511 1763 1554">
    <p class='ocr_par' dir='ltr' id='par_1_18' title="bbox 896 1511 1763 1554">
     <span class='ocr_line' id='line_1_69' title="bbox 896 1511 1763 1554; baseline 0.001 -11"><span class='ocrx_word' id='word_1_442' title='bbox 896 1512 1006 1544; x_wconf 83' lang='lat' dir='ltr'><strong>durch</strong></span> <span class='ocrx_word' id='word_1_443' title='bbox 1028 1511 1135 1551; x_wconf 71' lang='lat' dir='ltr'><em>Lust,</em></span> <span class='ocrx_word' id='word_1_444' title='bbox 1165 1511 1248 1544; x_wconf 77' lang='lat' dir='ltr'><strong>oder</strong></span> <span class='ocrx_word' id='word_1_445' title='bbox 1273 1511 1328 1544; x_wconf 84' lang='lat' dir='ltr'><em>die</em></span> <span class='ocrx_word' id='word_1_446' title='bbox 1348 1511 1435 1544; x_wconf 88' lang='lat' dir='ltr'><strong>noch</strong></span> <span class='ocrx_word' id='word_1_447' title='bbox 1457 1512 1708 1554; x_wconf 74' lang='lat' dir='ltr'><strong>mfihseligeren</strong></span> <span class='ocrx_word' id='word_1_448' title='bbox 1762 1513 1763 1516; x_wconf 75' lang='grc'>’</span> 
     </span>
    </p>
   </div>
   <div class='ocr_carea' id='block_1_16' title="bbox 895 1557 1716 3079">
    <p class='ocr_par' dir='ltr' id='par_1_19' title="bbox 895 1557 1713 2421">
     <span class='ocr_line' id='line_1_70' title="bbox 895 1557 1710 1601; baseline 0.001 -12"><span class='ocrx_word' id='word_1_449' title='bbox 895 1557 1054 1601; x_wconf 82' lang='lat' dir='ltr'><strong>Spri&#39;mge</strong></span> <span class='ocrx_word' id='word_1_450' title='bbox 1065 1568 1132 1590; x_wconf 76' lang='lat' dir='ltr'><em>von</em></span> <span class='ocrx_word' id='word_1_451' title='bbox 1144 1558 1328 1601; x_wconf 68' lang='lat' dir='ltr'><strong>Berghiihe</strong></span> <span class='ocrx_word' id='word_1_452' title='bbox 1341 1568 1382 1590; x_wconf 92' lang='lat' dir='ltr'><em>zu</em></span> <span class='ocrx_word' id='word_1_453' title='bbox 1396 1557 1577 1601; x_wconf 71' lang='lat' dir='ltr'><strong>Berghsshe</strong></span> <span class='ocrx_word' id='word_1_454' title='bbox 1598 1557 1710 1590; x_wconf 83' lang='lat' dir='ltr'><strong>durch</strong></span> 
     </span>
     <span class='ocr_line' id='line_1_71' title="bbox 896 1603 1709 1643; baseline 0.001 -8"><span class='ocrx_word' id='word_1_455' title='bbox 896 1603 963 1635; x_wconf 85' lang='lat' dir='ltr'><em>den</em></span> <span class='ocrx_word' id='word_1_456' title='bbox 987 1603 1134 1635; x_wconf 77' lang='lat' dir='ltr'><strong>seinsten</strong></span> <span class='ocrx_word' id='word_1_457' title='bbox 1154 1606 1282 1636; x_wconf 82' lang='lat' dir='ltr'><strong>Aet&#39;ner</strong></span> <span class='ocrx_word' id='word_1_458' title='bbox 1304 1604 1476 1643; x_wconf 77' lang='lat' dir='ltr'><strong>erfodert,</strong></span> <span class='ocrx_word' id='word_1_459' title='bbox 1502 1603 1602 1636; x_wconf 83' lang='lat' dir='ltr'><strong>einen</strong></span> <span class='ocrx_word' id='word_1_460' title='bbox 1624 1603 1709 1636; x_wconf 89' lang='lat' dir='ltr'><em>Um-</em></span> 
     </span>
     <span class='ocr_line' id='line_1_72' title="bbox 896 1648 1711 1692; baseline 0.001 -11"><span class='ocrx_word' id='word_1_461' title='bbox 896 1661 977 1692; x_wconf 80' lang='lat' dir='ltr'><em>weg</em></span> <span class='ocrx_word' id='word_1_462' title='bbox 1005 1649 1088 1681; x_wconf 81' lang='lat' dir='ltr'><strong>iiber</strong></span> <span class='ocrx_word' id='word_1_463' title='bbox 1112 1648 1168 1682; x_wconf 80' lang='lat' dir='ltr'><strong>(lie</strong></span> <span class='ocrx_word' id='word_1_464' title='bbox 1194 1649 1333 1682; x_wconf 76' lang='lat' dir='ltr'><strong>diclnen</strong></span> <span class='ocrx_word' id='word_1_465' title='bbox 1361 1649 1549 1682; x_wconf 62' lang='lat' dir='ltr'><strong>Gewfisser</strong></span> <span class='ocrx_word' id='word_1_466' title='bbox 1573 1649 1711 1682; x_wconf 80' lang='lat' dir='ltr'><strong>vorzie-</strong></span> 
     </span>
     <span class='ocr_line' id='line_1_73' title="bbox 897 1694 1710 1732; baseline 0 -4"><span class='ocrx_word' id='word_1_467' title='bbox 897 1695 983 1728; x_wconf 88' lang='lat' dir='ltr'><strong>hen:</strong></span> <span class='ocrx_word' id='word_1_468' title='bbox 1003 1697 1074 1728; x_wconf 85' lang='lat' dir='ltr'><strong>also</strong></span> <span class='ocrx_word' id='word_1_469' title='bbox 1089 1695 1284 1728; x_wconf 77' lang='lat' dir='ltr'><strong>vermeiden</strong></span> <span class='ocrx_word' id='word_1_470' title='bbox 1301 1694 1351 1728; x_wconf 87' lang='lat' dir='ltr'><em>sie</em></span> <span class='ocrx_word' id='word_1_471' title='bbox 1369 1695 1465 1732; x_wconf 77' lang='lat' dir='ltr'><strong>auch,</strong></span> <span class='ocrx_word' id='word_1_472' title='bbox 1483 1695 1556 1728; x_wconf 84' lang='lat' dir='ltr'><strong>sich</strong></span> <span class='ocrx_word' id='word_1_473' title='bbox 1575 1696 1710 1728; x_wconf 79' lang='lat' dir='ltr'><strong>stracks</strong></span> 
     </span>
     <span class='ocr_line' id='line_1_74' title="bbox 897 1740 1711 1776; baseline 0.004 -3"><span class='ocrx_word' id='word_1_474' title='bbox 897 1752 964 1774; x_wconf 84' lang='lat' dir='ltr'><em>von</em></span> <span class='ocrx_word' id='word_1_475' title='bbox 987 1740 1048 1773; x_wconf 89' lang='lat' dir='ltr'><em>der</em></span> <span class='ocrx_word' id='word_1_476' title='bbox 1069 1742 1290 1775; x_wconf 61' lang='lat' dir='ltr'><strong>{therischen</strong></span> <span class='ocrx_word' id='word_1_477' title='bbox 1303 1742 1403 1774; x_wconf 75' lang='lat' dir='ltr'><strong>Hc&#39;ihe</strong></span> <span class='ocrx_word' id='word_1_478' title='bbox 1422 1745 1523 1774; x_wconf 84' lang='lat' dir='ltr'><strong>unter</strong></span> <span class='ocrx_word' id='word_1_479' title='bbox 1535 1740 1596 1775; x_wconf 82' lang='lat' dir='ltr'><em>der</em></span> <span class='ocrx_word' id='word_1_480' title='bbox 1607 1740 1711 1776; x_wconf 75' lang='lat' dir='ltr'><strong>Mitte</strong></span> 
     </span>
     <span class='ocr_line' id='line_1_75' title="bbox 898 1785 1711 1821; baseline 0.002 -2"><span class='ocrx_word' id='word_1_481' title='bbox 898 1787 960 1820; x_wconf 86' lang='lat' dir='ltr'><em>des</em></span> <span class='ocrx_word' id='word_1_482' title='bbox 986 1787 1173 1820; x_wconf 59' lang='lat' dir='ltr'><strong>Gen-bibes</strong></span> <span class='ocrx_word' id='word_1_483' title='bbox 1198 1787 1527 1820; x_wconf 80' lang='lat' dir='ltr'><strong>herabzusenken.“</strong></span> <span class='ocrx_word' id='word_1_484' title='bbox 1551 1807 1596 1812; x_wconf 82' lang='lat'><em>——-</em></span> <span class='ocrx_word' id='word_1_485' title='bbox 1632 1785 1711 1821; x_wconf 78' lang='grc' dir='ltr'><em>λά-</em></span> 
     </span>
     <span class='ocr_line' id='line_1_76' title="bbox 898 1833 1711 1877; baseline 0 -10"><span class='ocrx_word' id='word_1_486' title='bbox 898 1847 970 1877; x_wconf 87' lang='grc' dir='ltr'><em>ρῳ.</em></span> <span class='ocrx_word' id='word_1_487' title='bbox 1016 1834 1078 1866; x_wconf 79' lang='lat' dir='ltr'><strong>ss.:</strong></span> <span class='ocrx_word' id='word_1_488' title='bbox 1123 1833 1259 1873; x_wconf 81' lang='lat' dir='ltr'><strong>„larus</strong></span> <span class='ocrx_word' id='word_1_489' title='bbox 1299 1834 1397 1866; x_wconf 84' lang='lat' dir='ltr'><strong>nobis</strong></span> <span class='ocrx_word' id='word_1_490' title='bbox 1439 1839 1493 1866; x_wconf 78' lang='lat' dir='ltr'><em>est</em></span> <span class='ocrx_word' id='word_1_491' title='bbox 1529 1833 1711 1867; x_wconf 76' lang='lat' dir='ltr'><strong>vernacule</strong></span> 
     </span>
     <span class='ocr_line' id='line_1_77' title="bbox 898 1879 1710 1924; baseline 0 -12"><span class='ocrx_word' id='word_1_492' title='bbox 898 1890 1023 1912; x_wconf 76' lang='lat' dir='ltr'><strong>manue</strong></span> <span class='ocrx_word' id='word_1_493' title='bbox 1055 1879 1108 1912; x_wconf 75' lang='lat' dir='ltr'><em>vel</em></span> <span class='ocrx_word' id='word_1_494' title='bbox 1143 1884 1303 1913; x_wconf 74' lang='lat' dir='ltr'><strong>mouette.</strong></span> <span class='ocrx_word' id='word_1_495' title='bbox 1347 1879 1476 1912; x_wconf 76' lang='lat' dir='ltr'><strong>dicitur</strong></span> <span class='ocrx_word' id='word_1_496' title='bbox 1501 1886 1536 1912; x_wconf 84' lang='lat' dir='ltr'><em>et</em></span> <span class='ocrx_word' id='word_1_497' title='bbox 1558 1880 1710 1924; x_wconf 79' lang='grc' dir='ltr'><em>κέπφος.</em></span> 
     </span>
     <span class='ocr_line' id='line_1_78' title="bbox 901 1925 1712 1969; baseline 0.001 -10"><span class='ocrx_word' id='word_1_498' title='bbox 901 1927 945 1959; x_wconf 81' lang='lat' dir='ltr'><strong>cf.</strong></span> <span class='ocrx_word' id='word_1_499' title='bbox 977 1930 1059 1958; x_wconf 86' lang='lat' dir='ltr'><strong>nota</strong></span> <span class='ocrx_word' id='word_1_500' title='bbox 1088 1925 1131 1958; x_wconf 90' lang='lat' dir='ltr'><em>ad</em></span> <span class='ocrx_word' id='word_1_501' title='bbox 1166 1925 1297 1959; x_wconf 83' lang='lat' dir='ltr'><em>Herod.</em></span> <span class='ocrx_word' id='word_1_502' title='bbox 1330 1925 1620 1969; x_wconf 78' lang='lat' dir='ltr'><strong>Epiinerismos.“</strong></span> <span class='ocrx_word' id='word_1_503' title='bbox 1667 1927 1712 1960; x_wconf 87' lang='lat' dir='ltr'><em>de</em></span> 
     </span>
     <span class='ocr_line' id='line_1_79' title="bbox 900 1971 1711 2015; baseline 0 -9"><span class='ocrx_word' id='word_1_504' title='bbox 900 1972 1023 2015; x_wconf 81' lang='grc' dir='ltr'><em>κέπφ</em></span> <span class='ocrx_word' id='word_1_505' title='bbox 1036 1985 1063 2014; x_wconf 87' lang='grc' dir='ltr'><em>ῳ</em></span> <span class='ocrx_word' id='word_1_506' title='bbox 1088 1983 1205 2004; x_wconf 77' lang='lat' dir='ltr'><strong>errare</strong></span> <span class='ocrx_word' id='word_1_507' title='bbox 1224 1983 1297 2006; x_wconf 90' lang='lat' dir='ltr'><em>cum</em></span> <span class='ocrx_word' id='word_1_508' title='bbox 1317 1972 1392 2005; x_wconf 83' lang='lat' dir='ltr'><strong>aliis</strong></span> <span class='ocrx_word' id='word_1_509' title='bbox 1411 1971 1549 2005; x_wconf 83' lang='lat' dir='ltr'><strong>videtur</strong></span> <span class='ocrx_word' id='word_1_510' title='bbox 1568 1972 1624 2005; x_wconf 77' lang='lat' dir='ltr'><strong>vir</strong></span> <span class='ocrx_word' id='word_1_511' title='bbox 1648 1972 1711 2006; x_wconf 94' lang='lat' dir='ltr'><em>do-</em></span> 
     </span>
     <span class='ocr_line' id='line_1_80' title="bbox 901 2018 1712 2061; baseline 0.001 -10"><span class='ocrx_word' id='word_1_512' title='bbox 901 2019 1082 2051; x_wconf 65' lang='lat' dir='ltr'><strong>missimus.</strong></span> <span class='ocrx_word' id='word_1_513' title='bbox 1124 2019 1297 2059; x_wconf 72' lang='lat' dir='ltr'><strong>fulicam,</strong></span> <span class='ocrx_word' id='word_1_514' title='bbox 1323 2029 1430 2061; x_wconf 83' lang='lat' dir='ltr'><strong>germ.</strong></span> <span class='ocrx_word' id='word_1_515' title='bbox 1457 2019 1521 2051; x_wconf 79' lang='lat' dir='ltr'><em>das</em></span> <span class='ocrx_word' id='word_1_516' title='bbox 1553 2018 1712 2052; x_wconf 84' lang='lat' dir='ltr'><em>Wasser-</em></span> 
     </span>
     <span class='ocr_line' id='line_1_81' title="bbox 901 2063 1712 2109; baseline 0.001 -12"><span class='ocrx_word' id='word_1_517' title='bbox 901 2065 1014 2104; x_wconf 80' lang='lat' dir='ltr'><strong>hulm,</strong></span> <span class='ocrx_word' id='word_1_518' title='bbox 1043 2063 1242 2108; x_wconf 68' lang='lat' dir='ltr'><em>francogall⁴</em></span> <span class='ocrx_word' id='word_1_519' title='bbox 1271 2066 1305 2097; x_wconf 85' lang='lat' dir='ltr'><em>la</em></span> <span class='ocrx_word' id='word_1_520' title='bbox 1322 2066 1426 2107; x_wconf 83' lang='lat' dir='ltr'><strong>poule</strong></span> <span class='ocrx_word' id='word_1_521' title='bbox 1445 2065 1568 2105; x_wconf 80' lang='grc' dir='ltr'><em>ἀέαιι,</em></span> <span class='ocrx_word' id='word_1_522' title='bbox 1594 2064 1628 2097; x_wconf 91' lang='lat' dir='ltr'><em>id</em></span> <span class='ocrx_word' id='word_1_523' title='bbox 1649 2076 1712 2109; x_wconf 82' lang='lat' dir='ltr'><em>ge-</em></span> 
     </span>
     <span class='ocr_line' id='line_1_82' title="bbox 901 2109 1711 2154; baseline 0.001 -11"><span class='ocrx_word' id='word_1_524' title='bbox 901 2122 962 2143; x_wconf 88' lang='lat' dir='ltr'><em>nus</em></span> <span class='ocrx_word' id='word_1_525' title='bbox 998 2111 1110 2144; x_wconf 82' lang='lat' dir='ltr'><strong>avium</strong></span> <span class='ocrx_word' id='word_1_526' title='bbox 1146 2109 1342 2154; x_wconf 78' lang='lat' dir='ltr'><strong>intelligunt</strong></span> <span class='ocrx_word' id='word_1_527' title='bbox 1373 2110 1472 2143; x_wconf 79' lang='lat' dir='ltr'>Gaza</span> <span class='ocrx_word' id='word_1_528' title='bbox 1507 2116 1542 2144; x_wconf 87' lang='lat' dir='ltr'><em>et</em></span> <span class='ocrx_word' id='word_1_529' title='bbox 1574 2110 1711 2151; x_wconf 66' lang='lat' dir='ltr'><strong>Carum,</strong></span> 
     </span>
     <span class='ocr_line' id='line_1_83' title="bbox 901 2156 1711 2197; baseline 0.001 -7"><span class='ocrx_word' id='word_1_530' title='bbox 901 2159 1005 2190; x_wconf 83' lang='lat' dir='ltr'><strong>Schn.</strong></span> <span class='ocrx_word' id='word_1_531' title='bbox 1037 2161 1148 2189; x_wconf 84' lang='lat' dir='ltr'><strong>antem</strong></span> <span class='ocrx_word' id='word_1_532' title='bbox 1182 2167 1258 2189; x_wconf 83' lang='lat' dir='ltr'><strong>ann.</strong></span> <span class='ocrx_word' id='word_1_533' title='bbox 1296 2156 1339 2189; x_wconf 82' lang='lat' dir='ltr'><em>ad</em></span> <span class='ocrx_word' id='word_1_534' title='bbox 1375 2157 1516 2190; x_wconf 84' lang='lat' dir='ltr'><strong>Aristot.</strong></span> <span class='ocrx_word' id='word_1_535' title='bbox 1542 2156 1586 2190; x_wconf 90' lang='lat' dir='ltr'><em>H.</em></span> <span class='ocrx_word' id='word_1_536' title='bbox 1612 2158 1651 2190; x_wconf 88' lang='lat' dir='ltr'><em>A.</em></span> <span class='ocrx_word' id='word_1_537' title='bbox 1678 2158 1711 2197; x_wconf 88' lang='grc'><em>8,</em></span> 
     </span>
     <span class='ocr_line' id='line_1_84' title="bbox 900 2202 1712 2247; baseline 0 -12"><span class='ocrx_word' id='word_1_538' title='bbox 900 2204 969 2243; x_wconf 69' lang='grc'><em>23,</em></span> <span class='ocrx_word' id='word_1_539' title='bbox 987 2214 1018 2247; x_wconf 89' lang='lat' dir='ltr'><em>p.</em></span> <span class='ocrx_word' id='word_1_540' title='bbox 1036 2203 1124 2243; x_wconf 62' lang='lat'>161„</span> <span class='ocrx_word' id='word_1_541' title='bbox 1143 2202 1598 2246; x_wconf 75' lang='lat' dir='ltr'><strong>procellariampelagt&#39;cam</strong></span> <span class='ocrx_word' id='word_1_542' title='bbox 1611 2202 1712 2236; x_wconf 88' lang='lat' dir='ltr'><strong>Linn.</strong></span> 
     </span>
     <span class='ocr_line' id='line_1_85' title="bbox 901 2247 1713 2293; baseline 0.001 -13"><span class='ocrx_word' id='word_1_543' title='bbox 901 2261 936 2284; x_wconf 88' lang='lat' dir='ltr'><strong>v.</strong></span> <span class='ocrx_word' id='word_1_544' title='bbox 961 2248 1197 2292; x_wconf 73' lang='lat' dir='ltr'><em>Aristophanis</em></span> <span class='ocrx_word' id='word_1_545' title='bbox 1221 2247 1370 2293; x_wconf 75' lang='lat' dir='ltr'><strong>interpp.</strong></span> <span class='ocrx_word' id='word_1_546' title='bbox 1397 2249 1440 2282; x_wconf 86' lang='lat' dir='ltr'><em>ad</em></span> <span class='ocrx_word' id='word_1_547' title='bbox 1460 2249 1551 2282; x_wconf 79' lang='lat' dir='ltr'><strong>Plut.</strong></span> <span class='ocrx_word' id='word_1_548' title='bbox 1577 2249 1656 2284; x_wconf 84' lang='lat'><strong>908.</strong></span> <span class='ocrx_word' id='word_1_549' title='bbox 1677 2253 1713 2282; x_wconf 83' lang='lat' dir='ltr'><em>et</em></span> 
     </span>
     <span class='ocr_line' id='line_1_86' title="bbox 901 2293 1712 2334; baseline -0.002 -6"><span class='ocrx_word' id='word_1_550' title='bbox 901 2295 983 2328; x_wconf 84' lang='lat' dir='ltr'><strong>Pac.</strong></span> <span class='ocrx_word' id='word_1_551' title='bbox 1005 2298 1048 2329; x_wconf 88' lang='lat'><em>10</em></span> <span class='ocrx_word' id='word_1_552' title='bbox 1051 2296 1105 2329; x_wconf 75' lang='lat'><em>06.</em></span> <span class='ocrx_word' id='word_1_553' title='bbox 1139 2295 1208 2327; x_wconf 79' lang='lat' dir='ltr'><strong>lari</strong></span> <span class='ocrx_word' id='word_1_554' title='bbox 1228 2305 1347 2328; x_wconf 86' lang='lat' dir='ltr'><strong>nomen</strong></span> <span class='ocrx_word' id='word_1_555' title='bbox 1362 2295 1534 2328; x_wconf 83' lang='lat' dir='ltr'><strong>Linnaeus</strong></span> <span class='ocrx_word' id='word_1_556' title='bbox 1553 2293 1712 2334; x_wconf 78' lang='lat' dir='ltr'><strong>retinuit3</strong></span> 
     </span>
     <span class='ocr_line' id='line_1_87' title="bbox 903 2340 1713 2386; baseline -0.002 -12"><span class='ocrx_word' id='word_1_557' title='bbox 903 2352 1002 2386; x_wconf 85' lang='lat' dir='ltr'><strong>quam</strong></span> <span class='ocrx_word' id='word_1_558' title='bbox 1027 2352 1121 2373; x_wconf 83' lang='lat' dir='ltr'><strong>avem</strong></span> <span class='ocrx_word' id='word_1_559' title='bbox 1146 2340 1259 2373; x_wconf 83' lang='lat' dir='ltr'><strong>Latini</strong></span> <span class='ocrx_word' id='word_1_560' title='bbox 1281 2348 1405 2374; x_wconf 62' lang='lat' dir='ltr'><strong>incant</strong></span> <span class='ocrx_word' id='word_1_561' title='bbox 1427 2342 1594 2385; x_wconf 85' lang='lat' dir='ltr'><em>gaviam,</em></span> <span class='ocrx_word' id='word_1_562' title='bbox 1619 2341 1713 2373; x_wconf 89' lang='lat' dir='ltr'><strong>Ger-</strong></span> 
     </span>
     <span class='ocr_line' id='line_1_88' title="bbox 902 2386 1712 2428; baseline -0.001 -7"><span class='ocrx_word' id='word_1_563' title='bbox 902 2387 991 2421; x_wconf 84' lang='lat' dir='ltr'><strong>mani</strong></span> <span class='ocrx_word' id='word_1_564' title='bbox 1025 2388 1144 2419; x_wconf 69' lang='lat' dir='ltr'><strong>moue.</strong></span> <span class='ocrx_word' id='word_1_565' title='bbox 1194 2386 1334 2420; x_wconf 84' lang='lat' dir='ltr'><strong>Aristot.</strong></span> <span class='ocrx_word' id='word_1_566' title='bbox 1372 2387 1418 2420; x_wconf 90' lang='lat' dir='ltr'>H.</span> <span class='ocrx_word' id='word_1_567' title='bbox 1444 2387 1490 2420; x_wconf 92' lang='lat' dir='ltr'><em>N.</em></span> <span class='ocrx_word' id='word_1_568' title='bbox 1521 2388 1565 2425; x_wconf 84' lang='lat'><strong>8.</strong></span> <span class='ocrx_word' id='word_1_569' title='bbox 1591 2387 1634 2428; x_wconf 88' lang='grc'><em>5,</em></span> <span class='ocrx_word' id='word_1_570' title='bbox 1659 2387 1712 2420; x_wconf 93' lang='grc'><em>7.</em></span> 
     </span>
    </p>

    <p class='ocr_par' dir='ltr' id='par_1_20' title="bbox 902 2414 1716 3077">
     <span class='ocr_line' id='line_1_89' title="bbox 902 2414 1713 2477; baseline -0.004 -9"><span class='ocrx_word' id='word_1_571' title='bbox 902 2433 985 2476; x_wconf 74' lang='grc' dir='ltr'><em>περὶ</em></span> <span class='ocrx_word' id='word_1_572' title='bbox 1012 2431 1087 2477; x_wconf 78' lang='grc' dir='ltr'><em>τήν</em></span> <span class='ocrx_word' id='word_1_573' title='bbox 1119 2432 1312 2467; x_wconf 75' lang='grc' dir='ltr'><em>θάλατταν</em></span> <span class='ocrx_word' id='word_1_574' title='bbox 1344 2433 1406 2467; x_wconf 77' lang='grc' dir='ltr'><em>καὶ</em></span> <span class='ocrx_word' id='word_1_575' title='bbox 1442 2414 1609 2471; x_wconf 65' lang='grc' dir='ltr'><em>αλκυαόν,</em></span> <span class='ocrx_word' id='word_1_576' title='bbox 1650 2431 1713 2466; x_wconf 81' lang='grc' dir='ltr'><em>καὶ</em></span> 
     </span>
     <span class='ocr_line' id='line_1_90' title="bbox 903 2475 1712 2525; baseline -0.005 -10"><span class='ocrx_word' id='word_1_577' title='bbox 903 2479 1080 2525; x_wconf 81' lang='grc' dir='ltr'><em>κήρυλος·</em></span> <span class='ocrx_word' id='word_1_578' title='bbox 1105 2499 1151 2505; x_wconf 88' lang='grc'><em>--</em></span> <span class='ocrx_word' id='word_1_579' title='bbox 1179 2477 1231 2513; x_wconf 74' lang='grc' dir='ltr'><em>ἔτι</em></span> <span class='ocrx_word' id='word_1_580' title='bbox 1256 2477 1295 2514; x_wconf 87' lang='grc' dir='ltr'><em>δε</em></span> <span class='ocrx_word' id='word_1_581' title='bbox 1317 2479 1430 2524; x_wconf 75' lang='grc' dir='ltr'><em>λάρος</em></span> <span class='ocrx_word' id='word_1_582' title='bbox 1454 2477 1473 2514; x_wconf 87' lang='grc' dir='ltr'><strong><em>ὁ</em></strong></span> <span class='ocrx_word' id='word_1_583' title='bbox 1493 2475 1620 2518; x_wconf 80' lang='grc' dir='ltr'><em>λευκὸς</em></span> <span class='ocrx_word' id='word_1_584' title='bbox 1643 2477 1712 2521; x_wconf 90' lang='lat' dir='ltr'><strong>(ci-</strong></span> 
     </span>
     <span class='ocr_line' id='line_1_91' title="bbox 903 2523 1713 2569; baseline -0.004 -9"><span class='ocrx_word' id='word_1_585' title='bbox 903 2538 1041 2562; x_wconf 83' lang='lat' dir='ltr'><strong>nereum</strong></span> <span class='ocrx_word' id='word_1_586' title='bbox 1073 2526 1347 2560; x_wconf 79' lang='lat' dir='ltr'><strong>commemoravit</strong></span> <span class='ocrx_word' id='word_1_587' title='bbox 1378 2526 1414 2559; x_wconf 85' lang='lat' dir='ltr'><em>in</em></span> <span class='ocrx_word' id='word_1_588' title='bbox 1447 2523 1713 2569; x_wconf 80' lang='lat' dir='ltr'><strong>superioribus),</strong></span> 
     </span>
     <span class='ocr_line' id='line_1_92' title="bbox 903 2570 1713 2615; baseline -0.006 -8"><span class='ocrx_word' id='word_1_589' title='bbox 903 2586 965 2607; x_wconf 82' lang='grc' dir='ltr'><em>και</em></span> <span class='ocrx_word' id='word_1_590' title='bbox 989 2572 1154 2613; x_wconf 72' lang='grc' dir='ltr'><em>κέπφος,</em></span> <span class='ocrx_word' id='word_1_591' title='bbox 1191 2572 1349 2613; x_wconf 74' lang='grc' dir='ltr'><em>αἴθυιαι,</em></span> <span class='ocrx_word' id='word_1_592' title='bbox 1380 2570 1594 2615; x_wconf 82' lang='grc' dir='ltr'><em>χαραδριὸς.</em></span> <span class='ocrx_word' id='word_1_593' title='bbox 1643 2580 1713 2614; x_wconf 86' lang='lat' dir='ltr'><em>ga-</em></span> 
     </span>
     <span class='ocr_line' id='line_1_93' title="bbox 903 2615 1712 2663; baseline -0.003 -12"><span class='ocrx_word' id='word_1_594' title='bbox 903 2621 979 2652; x_wconf 82' lang='lat' dir='ltr'><strong>vius</strong></span> <span class='ocrx_word' id='word_1_595' title='bbox 999 2619 1032 2651; x_wconf 90' lang='lat' dir='ltr'><em>in</em></span> <span class='ocrx_word' id='word_1_596' title='bbox 1059 2617 1166 2663; x_wconf 84' lang='lat' dir='ltr'><strong>petris</strong></span> <span class='ocrx_word' id='word_1_597' title='bbox 1184 2618 1364 2651; x_wconf 79' lang='lat' dir='ltr'><strong>nidificare</strong></span> <span class='ocrx_word' id='word_1_598' title='bbox 1382 2617 1430 2650; x_wconf 81' lang='lat' dir='ltr'><em>ait</em></span> <span class='ocrx_word' id='word_1_599' title='bbox 1450 2616 1581 2650; x_wconf 88' lang='lat' dir='ltr'><em>Plinius</em></span> <span class='ocrx_word' id='word_1_600' title='bbox 1601 2615 1645 2649; x_wconf 90' lang='lat' dir='ltr'>H</span> <span class='ocrx_word' id='word_1_601' title='bbox 1666 2615 1712 2650; x_wconf 93' lang='lat' dir='ltr'><em>N.</em></span> 
     </span>
     <span class='ocr_line' id='line_1_94' title="bbox 905 2662 1712 2701; baseline -0.009 0"><span class='ocrx_word' id='word_1_602' title='bbox 905 2668 961 2701; x_wconf 76' lang='lat'><strong>32.</strong></span> <span class='ocrx_word' id='word_1_603' title='bbox 988 2671 1075 2698; x_wconf 84' lang='lat' dir='ltr'><strong>extr.</strong></span> <span class='ocrx_word' id='word_1_604' title='bbox 1121 2675 1153 2696; x_wconf 88' lang='lat' dir='ltr'><em>v.</em></span> <span class='ocrx_word' id='word_1_605' title='bbox 1183 2663 1612 2697; x_wconf 69' lang='lat' dir='ltr'><strong>Wilmsen.}1andb.der</strong></span> <span class='ocrx_word' id='word_1_606' title='bbox 1637 2662 1712 2694; x_wconf 86' lang='lat' dir='ltr'><em>Na-</em></span> 
     </span>
     <span class='ocr_line' id='line_1_95' title="bbox 904 2709 1713 2755; baseline -0.006 -10"><span class='ocrx_word' id='word_1_607' title='bbox 904 2711 1077 2754; x_wconf 69' lang='lat' dir='ltr'><em>turgesch</em></span> <span class='ocrx_word' id='word_1_608' title='bbox 1103 2710 1171 2743; x_wconf 67' lang='lat' dir='ltr'><strong>vol.</strong></span> <span class='ocrx_word' id='word_1_609' title='bbox 1199 2715 1229 2745; x_wconf 90' lang='lat'><strong>1.</strong></span> <span class='ocrx_word' id='word_1_610' title='bbox 1255 2722 1288 2755; x_wconf 88' lang='lat' dir='ltr'><em>p.</em></span> <span class='ocrx_word' id='word_1_611' title='bbox 1317 2710 1383 2745; x_wconf 87' lang='lat'><em>915</em></span> <span class='ocrx_word' id='word_1_612' title='bbox 1399 2709 1532 2743; x_wconf 87' lang='lat'><strong>-919.</strong></span> <span class='ocrx_word' id='word_1_613' title='bbox 1574 2718 1713 2753; x_wconf 84' lang='lat' dir='ltr'><strong>compa-</strong></span> 
     </span>
     <span class='ocr_line' id='line_1_96' title="bbox 903 2754 1712 2795; baseline -0.005 -4"><span class='ocrx_word' id='word_1_614' title='bbox 903 2764 1004 2793; x_wconf 80' lang='lat' dir='ltr'><strong>ratur</strong></span> <span class='ocrx_word' id='word_1_615' title='bbox 1028 2762 1137 2790; x_wconf 84' lang='lat' dir='ltr'><strong>autem</strong></span> <span class='ocrx_word' id='word_1_616' title='bbox 1160 2755 1323 2790; x_wconf 82' lang='lat' dir='ltr'><strong>Mercurii</strong></span> <span class='ocrx_word' id='word_1_617' title='bbox 1346 2754 1506 2789; x_wconf 84' lang='lat' dir='ltr'><strong>celeritas</strong></span> <span class='ocrx_word' id='word_1_618' title='bbox 1530 2764 1602 2787; x_wconf 87' lang='lat' dir='ltr'><em>cum</em></span> <span class='ocrx_word' id='word_1_619' title='bbox 1623 2754 1712 2795; x_wconf 75' lang='lat' dir='ltr'><strong>avis,</strong></span> 
     </span>
     <span class='ocr_line' id='line_1_97' title="bbox 905 2798 1713 2847; baseline -0.007 -9"><span class='ocrx_word' id='word_1_620' title='bbox 905 2816 970 2839; x_wconf 93' lang='lat' dir='ltr'><em>non</em></span> <span class='ocrx_word' id='word_1_621' title='bbox 990 2804 1084 2837; x_wconf 91' lang='lat' dir='ltr'><strong>color</strong></span> <span class='ocrx_word' id='word_1_622' title='bbox 1104 2803 1213 2841; x_wconf 82' lang='lat' dir='ltr'><strong>albus,</strong></span> <span class='ocrx_word' id='word_1_623' title='bbox 1232 2812 1322 2847; x_wconf 83' lang='lat' dir='ltr'><strong>quae</strong></span> <span class='ocrx_word' id='word_1_624' title='bbox 1338 2806 1391 2834; x_wconf 81' lang='lat' dir='ltr'><em>est</em></span> <span class='ocrx_word' id='word_1_625' title='bbox 1411 2798 1627 2834; x_wconf 73' lang='lat' dir='ltr'><strong>hallucinatio</strong></span> <span class='ocrx_word' id='word_1_626' title='bbox 1642 2799 1713 2833; x_wconf 78' lang='lat' dir='ltr'><em>Eu-</em></span> 
     </span>
     <span class='ocr_line' id='line_1_98' title="bbox 904 2845 1714 2906; baseline -0.007 -21"><span class='ocrx_word' id='word_1_627' title='bbox 904 2849 1024 2885; x_wconf 74' lang='lat' dir='ltr'><strong>stathii</strong></span> <span class='ocrx_word' id='word_1_628' title='bbox 1049 2853 1084 2882; x_wconf 86' lang='lat' dir='ltr'><em>et</em></span> <span class='ocrx_word' id='word_1_629' title='bbox 1104 2851 1175 2882; x_wconf 83' lang='lat' dir='ltr'><strong>Am.</strong></span> <span class='ocrx_word' id='word_1_630' title='bbox 1195 2848 1262 2890; x_wconf 62' lang='lat' dir='ltr'><em>E„</em></span> <span class='ocrx_word' id='word_1_631' title='bbox 1291 2858 1347 2892; x_wconf 84' lang='lat' dir='ltr'><em>ap.</em></span> <span class='ocrx_word' id='word_1_632' title='bbox 1369 2857 1472 2906; x_wconf 87' lang='lat' dir='ltr'><strong>quem</strong></span> <span class='ocrx_word' id='word_1_633' title='bbox 1496 2845 1714 2880; x_wconf 82' lang='lat' dir='ltr'><strong>scribendum</strong></span> 
     </span>
     <span class='ocr_line' id='line_1_99' title="bbox 904 2889 1714 2937; baseline -0.01 -6"><span class='ocrx_word' id='word_1_634' title='bbox 904 2903 980 2931; x_wconf 84' lang='lat' dir='ltr'><strong>est:</strong></span> <span class='ocrx_word' id='word_1_635' title='bbox 1017 2895 1189 2933; x_wconf 79' lang='grc' dir='ltr'><em>τοιοῦτος</em></span> <span class='ocrx_word' id='word_1_636' title='bbox 1222 2892 1293 2937; x_wconf 74' lang='grc' dir='ltr'><em>γὰρ</em></span> <span class='ocrx_word' id='word_1_637' title='bbox 1317 2892 1379 2928; x_wconf 81' lang='grc' dir='ltr'><em>και</em></span> <span class='ocrx_word' id='word_1_638' title='bbox 1410 2889 1430 2928; x_wconf 82' lang='grc' dir='ltr'>ὁ</span> <span class='ocrx_word' id='word_1_639' title='bbox 1462 2891 1575 2935; x_wconf 75' lang='grc' dir='ltr'><em>λόρος</em></span> <span class='ocrx_word' id='word_1_640' title='bbox 1605 2902 1668 2937; x_wconf 83' lang='lat' dir='ltr'><strong>pro</strong></span> <span class='ocrx_word' id='word_1_641' title='bbox 1693 2889 1714 2928; x_wconf 84' lang='grc' dir='ltr'><strong>ὁ</strong></span> 
     </span>
     <span class='ocr_line' id='line_1_100' title="bbox 903 2937 1716 2986; baseline -0.01 -8"><span class='ocrx_word' id='word_1_642' title='bbox 903 2942 1022 2986; x_wconf 80' lang='grc' dir='ltr'><em>λόγος.</em></span> <span class='ocrx_word' id='word_1_643' title='bbox 1046 2961 1087 2966; x_wconf 92' lang='grc'>-</span> <span class='ocrx_word' id='word_1_644' title='bbox 1115 2940 1266 2984; x_wconf 80' lang='grc' dir='ltr'><em>ἰχθυς.</em></span> <span class='ocrx_word' id='word_1_645' title='bbox 1299 2939 1390 2973; x_wconf 80' lang='lat' dir='ltr'><strong>haud</strong></span> <span class='ocrx_word' id='word_1_646' title='bbox 1410 2938 1624 2982; x_wconf 80' lang='lat' dir='ltr'><strong>ineleganter</strong></span> <span class='ocrx_word' id='word_1_647' title='bbox 1645 2937 1716 2972; x_wconf 88' lang='lat' dir='ltr'><em>Le·</em></span> 
     </span>
     <span class='ocr_line' id='line_1_101' title="bbox 904 2983 1714 3032; baseline -0.011 -8"><span class='ocrx_word' id='word_1_648' title='bbox 904 2989 1005 3024; x_wconf 80' lang='lat' dir='ltr'><strong>xicon</strong></span> <span class='ocrx_word' id='word_1_649' title='bbox 1029 2987 1175 3031; x_wconf 77' lang='lat' dir='ltr'><strong>sophist.</strong></span> <span class='ocrx_word' id='word_1_650' title='bbox 1201 2998 1237 3032; x_wconf 89' lang='lat' dir='ltr'><em>p.</em></span> <span class='ocrx_word' id='word_1_651' title='bbox 1263 2986 1362 3020; x_wconf 66' lang='lat'><em>332:</em></span> <span class='ocrx_word' id='word_1_652' title='bbox 1391 2983 1554 3029; x_wconf 78' lang='grc' dir='ltr'><em>ἰχθύσιν.</em></span> <span class='ocrx_word' id='word_1_653' title='bbox 1579 2994 1613 3017; x_wconf 76' lang='lat' dir='ltr'><em>v·</em></span> <span class='ocrx_word' id='word_1_654' title='bbox 1636 2993 1714 3019; x_wconf 85' lang='lat' dir='ltr'><strong>ann.</strong></span> 
     </span>
     <span class='ocr_line' id='line_1_102' title="bbox 905 3028 1715 3079; baseline -0.009 -9"><span class='ocrx_word' id='word_1_655' title='bbox 905 3036 951 3070; x_wconf 70' lang='lat' dir='ltr'><em>ed</em></span> <span class='ocrx_word' id='word_1_656' title='bbox 975 3031 1021 3079; x_wconf 86' lang='lat'><em>6&#39;‚</em></span> <span class='ocrx_word' id='word_1_657' title='bbox 1048 3035 1125 3069; x_wconf 90' lang='grc'><em>166.</em></span> <span class='ocrx_word' id='word_1_658' title='bbox 1145 3050 1190 3058; x_wconf 86' lang='lat'><em>——</em></span> <span class='ocrx_word' id='word_1_659' title='bbox 1224 3030 1410 3067; x_wconf 76' lang='grc' dir='ltr'><em>πυκινὰ</em></span> <span class='ocrx_word' id='word_1_660' title='bbox 1434 3028 1605 3077; x_wconf 79' lang='grc' dir='ltr'><em>πτεροὶ,</em></span> <span class='ocrx_word' id='word_1_661' title='bbox 1629 3029 1715 3063; x_wconf 79' lang='lat' dir='ltr'><strong>den-</strong></span> 
     </span>
    </p>
   </div>
   <div class='ocr_carea' id='block_1_17' title="bbox 1341 3088 1435 3132">
    <p class='ocr_par' dir='ltr' id='par_1_21' title="bbox 1341 3088 1435 3132">
     <span class='ocr_line' id='line_1_103' title="bbox 1341 3088 1435 3132; baseline 0 0"><span class='ocrx_word' id='word_1_662' title='bbox 1341 3088 1435 3132; x_wconf 84' lang='lat'><em>11*</em></span> 
     </span>
    </p>
   </div>
  </div>
 </body>
</html>
