1856 3282
186 633 298 672 pesta-

37 1379 196 1404 τεσσιν
227 1368 385 1406 ἑοῖσιν
426 1370 503 1416 (α’,
527 1373 614 1414 218,
637 1370 707 1408 430
732 1371 840 1416 em),

37 1416 108 1448 suis
130 1416 266 1460 opibus,
291 1428 354 1451 sua
377 1419 533 1463 pecunia.

82 1483 172 1525 455,
195 1486 229 1520 6.
276 1483 323 1529 α’,
350 1485 438 1528 149,
464 1488 530 1523 150
554 1491 621 1521 etc.

79 1552 159 1586 459.
205 1552 256 1586 sic
279 1554 320 1588 A.
337 1555 369 1588 1.
393 1558 429 1587 et
448 1554 504 1596 3.‚
527 1554 669 1600 egregia
692 1554 842 1600 scriptu-

35 1608 95 1640 ra,
129 1598 184 1631 cui
207 1599 304 1633 nefas
326 1604 402 1632 erat
435 1606 644 1657 anteponere
667 1602 840 1656 vulgatam

34 1643 169 1678 minime
192 1645 380 1701 elegantem
404 1645 514 1680 banc.
535 1646 604 1688 νὺξ
627 1645 661 1681 δ’
687 1645 756 1691 ἄρ’
783 1647 838 1682 ἐπ.

34 1701 67 1723 κ.
92 1701 160 1731 sm,
183 1702 227 1725 νε
251 1688 294 1726 δ’
318 1689 372 1736 ἄρ
383 1705 408 1726 α
435 1690 538 1746 Ζεύς..
569 1694 739 1728 sententia
758 1705 840 1727 cau-

34 1735 115 1769 salis
137 1734 206 1778 νύξ
227 1756 272 1762 -
296 1705 456 1780 ἔφυδρος
486 1738 604 1784 priore
627 1739 701 1772 loco
727 1739 839 1784 posita

35 1788 108 1834 εει,
135 1787 173 1815 ut
193 1779 239 1826 α’,
260 1783 361 1825 337.,
385 1784 444 1818 ubi
467 1796 500 1819 v.
523 1796 600 1818 aun.
646 1785 733 1818 haec
758 1797 838 1830 pas-

36 1826 64 1860 εἰ
67 1839 97 1861 ιιι
116 1832 289 1862 mutarunt
310 1835 522 1863 correctores
541 1831 626 1864 maie
643 1831 771 1865 feriati.
791 1850 837 1856 —

35 1873 138 1907 sch..
163 1874 495 1934 σκοτομήνιος.
538 1873 730 1930 ἀσέληνος,
754 1889 837 1913 σκο-

35 1918 149 1966 τεινή.
171 1939 218 1946 -—
248 1918 346 1967 μήνη
372 1920 441 1966 γὰρ
468 1921 491 1967 ἡ
516 1920 658 1968 σελήνη.

79 1988 200 2024 460-
211 1988 292 2025 463.
347 1988 573 2035 ἔφυδρος.
613 1990 716 2037 ὕδωρ
748 1989 837 2026 ἐπά-

33 2047 119 2090 γων,.
165 2033 233 2070 οὐκ
257 2033 334 2077 ἀεὶ,
372 2036 529 2082 inquiunt
550 2040 622 2073 Am.
647 2039 693 2079 Q.
719 2042 754 2071 et
780 2037 836 2080 B„

34 2077 117 2116 ἀλλ’
149 2079 188 2116 ἐν
219 2083 380 2138 χειμῶνι.
426 2094 526 2117 vere:
560 2096 594 2117 v.
620 2095 696 2117 ann.
723 2084 767 2140 au
790 2083 836 2129 β’,

32 2126 120 2169 420,
144 2128 223 2163 421.
255 2126 416 2173 ζεφύρου
438 2128 549 2171 μένος
572 2125 684 2173 ’ὑγρὸν
707 2127 836 2171 οἷέντος

33 2172 122 2206 dixit
145 2174 294 2218 scriptor
311 2175 424 2220 hymni
442 2175 540 2212 Hom.
561 2175 595 2210 in
613 2177 778 2210 Venerem
799 2178 832 2211 3.

33 2237 78 2243 —
101 2217 154 2251 E:
179 2220 224 2255 εἴ
241 2233 335 2262 πως
359 2241 401 2246 -
425 2220 576 2277 πόροι.
609 2223 709 2266 εἴπερ
733 2222 834 2257 αἰδε-

34 2263 182 2305 σθέντες
210 2266 345 2301 τοῦτον
380 2265 550 2312 (αὐτόν)
584 2268 620 2303 οὶ
651 2268 742 2313 περὶ
767 2268 833 2303 τὸν

33 2309 204 2354 Εὔμαιον
236 2313 338 2348 δοῖεν
364 2317 526 2368 παχεῖαν
556 2317 710 2372 χλαῖναν
740 2313 835 2371 κατὰ

32 2357 102 2391 τοῦ
125 2357 321 2400 χειμῶνος,
352 2355 467 2394 ὁποία
488 2373 542 2400 τις
575 2358 598 2405 ἡ
630 2361 682 2406 μὴ
715 2361 834 2406 μόνον

33 2399 323 2462 ἄλεξήνεμος
345 2403 666 2451 (ἄλεξάνεμος,
690 2413 727 2441 ut
745 2407 831 2463 531)

31 2449 223 2494 λεγομένη,
251 2449 342 2486 ἄλλοι
365 2452 427 2487 καὶ
455 2452 747 2512 χειμάμυνα,
782 2450 833 2495 ὦς

34 2493 73 2530 ἐν
96 2494 276 2542 ῥητορικῷ
298 2500 413 2532 κεῖται
434 2499 572 2545 λεξικῷ.
588 2519 634 2525 —
663 2498 763 2536 ἐπεὶ
786 2519 831 2525 —

30 2542 156 2621 λίηῖ
188 2543 348 2587 quoniam
370 2555 427 2586 se,
451 2535 629 2590 Ulys‘sem,
651 2551 831 2591 tantopere

0 2600 1 2605 ¹
29 2599 114 2622 cura
136 2593 186 2623 ae.

75 2657 196 2692 465—
203 2657 282 2713 469.
336 2658 408 2692 Am.
442 2658 511 2699 Q.=
555 2656 828 2704 εὐξάμενος.

29 2700 197 2760 μάρτυρα
218 2701 285 2738 τὸν
311 2701 406 2739 θεὸν
431 2703 734 2760 ἐπικαλούμενος,
770 2705 830 2742 ὅτι

30 2746 216 2807 ἀληθεύω.
244 2762 268 2806 η
291 2748 577 2831 καυχησάμενος.
612 2757 647 2786 et
665 2753 708 2787 ad
726 2751 824 2809 47032

30 2793 125 2830 εἴθ’
150 2791 210 2835 ὣς
230 2793 296 2851 ἡβ.
330 2794 438 2831 ἔνθεν
460 2798 591 2843 δῆλον,
615 2811 673 2833 οτι
694 2798 735 2833 τὸ
760 2798 826 2835 εύ-

30 2838 200 2885 ξᾶμενο
214 2854 234 2882 ς
255 2839 340 2876 ἀντὶ
361 2842 429 2877 τοῦ
455 2842 738 2888 καυχησάμενος.
770 2845 824 2879 in-

29 2892 141 2932 ten-pa
174 2889 434 2945 gloriabundus.
464 2908 507 2915 —
557 2891 663 2926 Sch.:
692 2889 795 2935 ἠλεό
805 2903 824 2931 ς

27 2930 92 2977 (β’,
108 2932 219 2979 243.)
250 2932 275 2980 ἡ
289 2934 485 2976 λιθοποιὸς
504 2934 588 2980 (ἱιιιο
605 2933 825 2982 ἠλιθοποιὸς

532 143 1111 188 ΟΔΤΣΣΕΙΑΣ
1166 141 1214 188 Ξ.

1608 144 1692 186 2θῦ

216 254 302 310 πὰρ
332 253 375 299 δ’
407 255 506 328 ἄρα
522 273 598 312 μιν
627 256 810 328 Ταφίων
839 253 996 325 πρίατο
1023 250 1270 295 κτεάτεσσιν
1297 251 1446 296 ἑοῖσιν.

14 333 21 345 ·
79 314 187 357 -455
218 313 260 354 οἱ
289 311 333 355 δ’
364 311 433 356 ἐπ’
465 311 638 357 ὀνείαθ’
669 313 819 382 ἑτοῖμα
845 309 1105 380 προκείμενα
1132 312 1277 377 χεῖρας
1306 309 1470 352 ἴαλλον.

217 367 355 423 αὐτὰρ
385 369 475 412 ἐπεὶ
503 370 658 441 πόσιος
685 370 758 413 καὶ
786 365 966 435 ἐδητύος
993 364 1036 416 ἐξ
1064 363 1168 419 ε’ρον
1197 364 1312 414 ε’ντο,
1355 385 1359 388 ·

216 428 340 467 σῖτον
366 425 446 481 μέν
474 436 582 481 σφιν
610 425 759 482 ἀφεῖλε
786 421 1062 494 Μεσαύλιος·
1094 421 1139 464 οἱ
1169 418 1211 462 δ’
1245 421 1314 464 ἐπὶ
1344 425 1506 471 κοῖτον,

219 481 342 524 σίτου
367 482 443 526 καὶ
475 486 634 539 κρειῶν
662 480 971 537 κεκορημένοι,
1000 477 1245 522 ἐσσεύοντο.

263 587 342 617 astu
364 580 550 620 Eumaeum
573 584 776 630 aggreditur
798 583 967 628 Ulysses,
1000 591 1070 626 quo
1101 579 1233 614 laenam
1256 576 1404 623 accipiat
1435 583 1536 614 nocte
1570 577 1696 613 intem—-

295 695 395 749 Νύξ
422 698 503 754 γὰρ
533 699 695 769 ἐπῆλθε
722 695 835 767 κακή
867 659 1200 764 σκοτομήνιος,
1209 686 1261 734 ὗε
1291 687 1332 734 δ’
1366 689 1451 744 ἄρα
1479 691 1589 744 Ζεύς

106 751 189 796 460
216 750 460 824 πάννυχος,
494 753 634 810 αὐτὰρ
664 753 731 823 ἄη
753 752 942 808 ζέφυρος
970 751 1124 821 μέγας,
1155 747 1249 791 αἰὲν
1279 747 1498 802 ἔφυδρος·

213 813 304 860 τοῖς
333 809 377 852 δ’
407 809 609 862 Ὀδυσεῦς
636 809 850 866 μετέειπε,
880 806 1084 877 συβώτεω
1113 805 1383 877 πειρητίζων,

214 866 256 908 εἴ
278 864 371 917 πιός
401 868 444 909 οἱ
471 867 600 918 ἐκδύς
627 871 808 937 χλαῖναν
837 863 994 918 πόροι,
1021 862 1048 919 ἢ
1078 860 1164 906 τιν’
1196 861 1383 916 ἑταίρων

214 920 350 965 ἄλλον
378 922 667 977 ἐποτρύνειεν,
696 922 786 966 ἐπεί
815 920 860 964 ἑο
888 919 1044 990 κήδετο
1073 920 1190 975 λίην·

289 978 522 1031 ,,Κε’κλυθι
550 982 658 1031 νῦν,
689 977 880 1049 Εὔμαιε,
912 977 987 1020 καὶ
1016 975 1142 1020 ἄλλοι
1169 973 1329 1024 πάντες
1357 971 1546 1028 ἓταῖροιί

99 1033 181 1076 465
210 1031 441 1102 εὐξάμενός
469 1053 512 1079 τι
540 1036 641 1088 ε’πος
670 1033 798 1090 ἐρέω·
832 1032 953 1084 οἶνος
982 1032 1064 1089 γὰρ
1094 1029 1257 1099 ἀνοίγει

209 1089 357 1145 η’λεὸς,
389 1090 487 1135 ὅστ’
514 1091 669 1161 ἐφέηκε
697 1089 960 1162 πολύφρονά
985 1104 1080 1159 περ
1096 1086 1201 1143 μάλ’
1231 1083 1387 1137 αεῖσαι,

206 1148 281 1189 καί
308 1146 358 1189 θ’
377 1146 560 1219 ,ἁπαλὸν
588 1149 795 1217 γελάσαι
796 1148 870 1190 καί
899 1144 940 1189 τ’
973 1143 1247 1211 ὀρχήσασθαι
1277 1139 1424 1198 ἀνῆκε,

205 1204 280 1246 καί
307 1219 347 1247 τι
373 1203 476 1257 ε’πος
503 1206 734 1262 προέηκεν,
770 1202 877 1260 ὅπερ
906 1201 946 1246 τ’
978 1201 1175 1258 ἄῤῥητον
1203 1197 1406 1255 ἄμεινον·

887 1369 942 1405 vel
963 1368 1213 1415 ηλιθιοποιός,
1237 1381 1335 1415 quam
1357 1380 1474 1403 vocem
1494 1365 1611 1401 lexicis
1629 1366 1691 1401 ad·-

887 1417 951 1450 das
974 1417 1106 1459 licet.)‚
1141 1416 1309 1472 μάταιος.
1357 1415 1432 1449 CL:
1466 1414 1623 1455 .‚·Athen
1651 1412 1687 1447 4

886 1473 918 1495 c·
935 1464 1013 1497 270
1038 1462 1103 1498 τὸν
1127 1462 1196 1506 γὰρ
1214 1467 1318 1498 οἱνον
1327 1460 1422 1505 ”Ομ.
1448 1458 1515 1495 οὐκ
1537 1457 1692 1503 ἠλεὸν,

886 1520 1006 1564 ωσπερ
1028 1507 1199 1553 ἠλίθιον,
1223 1511 1344 1549 καλεῖ,
1369 1521 1400 1541 κ.
1425 1504 1690 1559 ματαιοποιόν,

889 1552 978 1590 ου’δε
1016 1554 1154 1590 κελεύει
1187 1553 1412 1598 σκυθρωπὸν
1445 1559 1562 1593 εἰναι,
1601 1550 1693 1596 μήτε

888 1598 1046 1647 ᾄδοντα,
1070 1600 1161 1646 μήτε
1183 1603 1360 1643 γελῶντα,
1383 1597 1471 1655 μητ’
1497 1596 1694 1650 ἐνρύθμως

885 1659 976 1682 ποτε
999 1661 1030 1682 κ.
1056 1648 1149 1692 πρὸς
1175 1659 1326 1692 ορχησιν
1348 1645 1583 1690 τρεπόμενον.
1625 1651 1694 1689 ου’(

886 1691 1005 1751 οὕτως
1021 1692 1204 1738 ἀγροῖκος,
1222 1693 1309 1729 ου”ὃ
1313 1691 1580 1749 ἐπαρίστερός
1583 1679 1693 1733 ἔστιν,

884 1737 968 1775 αλλ’
991 1739 1074 1794 ἤδει
1095 1739 1237 1776 τούτων
1260 1737 1412 1776 ἑκάστου
1438 1753 1468 1774 κ.
1486 1735 1694 1794 ποσότητος

883 1798 915 1820 κ.
942 1785 1142 1844 ποιότητος
1166 1786 1365 1831 διαφοράν.
1414 1784 1506 1822 οθεν
1541 1782 1610 1819 οὐκ
1643 1782 1694 1819 εἳ-

882 1843 971 1874 πεν,
1006 1830 1055 1874 ὥς
1088 1831 1161 1877 ἄρα
1194 1833 1259 1869 τὸν
1291 1831 1510 1891 πολύφρονα
1543 1829 1563 1867 ὁ
1589 1827 1694 1872 οἶνος

881 1882 984 1913 ποιεῖ
993 1881 1118 1935 ᾀσαι,
1144 1878 1234 1915 ἀλλὰ
1257 1877 1364 1924 μάλ’
1390 1878 1534 1921 ἀεῖσαι,
1565 1875 1691 1912 τουτέ-

882 1935 963 1960 στιν
981 1922 1145 1983 ἀμέτρως
1167 1939 1199 1961 κ.
1224 1924 1282 1962 ε’πι
1303 1929 1441 1969 πλεῖον,
1467 1938 1559 1962 ωστε
1575 1934 1689 1983 προσ;

883 1973 1022 2026 οχλεῖν·
1049 1970 1138 2007 οὐδ’
1165 1971 1217 2008 ἔτι
1236 1972 1395 2030 γελάσαι,
1419 1973 1488 2028 μοὶ
1493 1970 1573 2014 Δί’,
1598 1968 1689 2008 οὔδ’

881 2015 1133 2064 ὀρχήσασθαι,
1158 2019 1287 2054 κοινόν
1312 2018 1350 2054 δ’
1376 2019 1438 2054 ἐπ’
1464 2016 1688 2063 αμφοτέρων

880 2063 1004 2109 λαβὼν
1026 2065 1068 2099 τό
1092 2063 1279 2101 ἁπαλὸν
1303 2065 1452 2110 (molle),
1479 2065 1548 2120 τήν
1571 2064 1688 2102 ἄναν-

881 2111 969 2154 δρον
993 2111 1043 2151 εἰς
1057 2111 1169 2147 τοῦτο
1194 2113 1293 2156 (sort.
1313 2113 1448 2156 ταῦτα)
1472 2109 1687 2157 πρόπτωσιν

878 2154 1110 2201 ἐπιστομίζει
1161 2158 1337 2204 (profecit
1369 2158 1449 2192 hinc
1482 2159 1525 2193 Ε.
1563 2160 1683 2203 Both.)

879 2213 936 2248 ap.
960 2205 1103 2238 eundem
1127 2206 1183 2246 10,
1209 2207 1241 2240 7.
1275 2205 1457 2239 Sthenelus
1479 2207 1603 2259 poeta:
1628 2204 1684 2241 οἷ·-

877 2261 943 2289 νος
966 2250 1027 2285 καὶ
1046 2250 1276 2295 φρονέοντας
1297 2251 1334 2291 ἐς
1359 2247 1575 2296 οἷφροσύνας
1592 2249 1684 2288 οἰνα-

879 2294 1013 2339 βάλλει.
1061 2304 1097 2330 et
1130 2298 1248 2332 nescio
1282 2298 1358 2353 quis
1394 2298 1538 2332 ibidem.
1578 2296 1684 2341 οἶνος

880 2340 998 2396 ἄνωγε
1029 2341 1180 2387 γέροντα
1214 2343 1278 2379 καὶ
1311 2340 1378 2378 min
1409 2342 1586 2379 ἐθέλοντα
1618 2357 1684 2389 χο-

877 2385 1010 2430 ρεύειν.
1056 2389 1162 2425 Ovid.
1186 2392 1259 2424 Art.
1292 2401 1356 2423 am.
1389 2392 1430 2432 1,
1454 2391 1553 2425 2383
1597 2403 1684 2426 cura

873 2435 973 2479 fugit
995 2436 1100 2468 multo
1123 2436 1333 2480 diluiturque
1356 2448 1460 2470 mero.
1499 2437 1594 2470 Tunc
1617 2448 1684 2471 ve-

876 2481 976 2513 niunt
1000 2481 1097 2515 risus.
1137 2487 1174 2515 et.
1191 2482 1285 2515 Fast.
1310 2483 1344 2523 5,
1369 2483 1470 2518 337*
1495 2482 1605 2516 ebrius
1627 2484 1683 2517 in·-

877 2527 995 2560 cinctis
1025 2527 1160 2570 philyra
1181 2529 1325 2562 conviva
1357 2529 1490 2583 capillis
1523 2530 1682 2563 Saltum

877 2570 1064 2617 ἐφέηκε,
1087 2572 1250 2617 ἀνῆκε,
1275 2572 1528 2619 προέηκεν,
1555 2574 1680 2618 impel-

875 2619 964 2661 lere,
1003 2619 1166 2661 incitare,
1201 2622 1376 2660 emittere,
1409 2621 1504 2654 solet.
1558 2621 1599 2653 Α.
1634 2621 1681 2662 1.,

875 2667 947 2698 Am.
972 2664 1016 2705 Q.
1045 2670 1080 2698 et
1104 2666 1226 2699 Hari·
1270 2665 1508 2723 προέηκεν.
1558 2663 1682 2708 οὕτως

874 2709 933 2744 αὶ’
928 2708 1164 2768 Αριστάρχου.
1193 2724 1212 2746 ο
1229 2710 1288 2747 ὄε’
1263 2710 1548 2767 Αριστοφανης,
1565 2725 1592 2746 π
1603 2724 1679 2756 αρ-

873 2755 1070 2800 έθηκεν,
1108 2754 1130 2793 ο“
1161 2758 1223 2792 καὶ
1253 2755 1417 2800 ἄμεινον.
1472 2763 1510 2791 at
1542 2757 1679 2792 nonnisi

871 2803 1011 2854 proprie
1043 2803 1107 2836 hoc
1136 2804 1274 2837 verbum
1307 2803 1362 2837 hic
1386 2809 1502 2838 noster
1526 2814 1676 2849 usurpa-

870 2846 943 2880 vit:
970 2858 1002 2879 v.
1027 2859 1083 2887 α,
1108 2849 1193 2889 139,
1219 2847 1254 2890 ι’,
1276 2849 1602 2906 326,‹p',29etc.
1627 2867 1676 2875 —·

868 2893 941 2926 Am.
966 2892 1011 2933 Q.
1038 2893 1157 2927 eta:
1189 2891 1367 2939 οπερτ’
1391 2893 1426 2930 ἅ.
1453 2893 1670 2953 αΜμεινον

867 2950 974 2982 οπερ,
1011 2938 1055 2974 τὸ
1086 2938 1230 2984 λόγιον,
1263 2944 1429 2985 κρεῖττον
1465 2937 1514 2986 ἦν
1544 2943 1669 2985 μεῖναι
