1846 3282
563 128 1126 171 ΟΔΥΣΣΕΙΑΣ
1176 132 1234 172 Ν.

1629 136 1715 176 ’153

251 236 299 279 ἐν
327 235 446 307 δήμω
473 235 661 308 Ἰθάκης·
692 237 773 282 δύο
803 239 849 282 δὲ
876 241 1113 293 προβλῆτες
1141 238 1188 281 ἐν
1219 238 1337 297 αυτῷ

256 290 381 335 ἀκταὶ
388 281 678 362 woffo-3729,
707 295 877 349 λιμένος
905 299 1240 349 ποτιπεπτηυῖαι,

254 347 341 390 αἴτ’
372 347 540 404 ἀνέμων
568 350 778 394 σκεπόωσι
805 351 1007 405 δυσαήων
1033 352 1139 405 μέγα
1168 356 1282 405 κῦμα

144 408 222 448 100
252 404 456 447 ἔκτοθεν·
486 406 689 476 ἔντοσθεν
719 406 765 449 δέ
793 406 834 449 τ’
863 406 966 450 ἄνευ
997 409 1170 461 δεσμοῖο
1200 407 1376 461 μένουσι

253 464 354 530 νῆες
381 460 628 532 ἐΰσσελμοι,
657 462 761 506 ὅταν
789 462 928 517 ὅρμου
956 463 1115 517 μέτρον
1144 464 1329 506 ι’κωνται.

257 515 391 568 αὐτὰρ
421 517 488 560 ἐπὶ
518 518 676 569 κρατὸς
703 518 872 573 λιμένος
899 518 1172 589 τανύφυλλος
1200 518 1339 574 ἐλαίη·

251 570 407 628 ἀγχόθι
436 572 476 618 δ’
509 574 640 630 αὐτῆς
669 573 830 630 ἄντρον
859 574 1092 632 ἐπηρατον,
1123 573 1344 632 ἠεροειδὲς,

84 718 136 752 dit
159 717 229 762 δέ.)
257 719 381 776 φανὲν
404 719 506 766 αὐτῷ’
537 723 586 767 (h.
613 734 642 756 e.
669 721 879 767 φανέντος),

82 763 290 799 καταλιπών
314 766 380 807 τὰς
391 769 539 813 τρίβους
555 768 702 811 ταύτας,
727 768 878 812 ἄφίκετο

82 811 136 850 εἰς
158 811 226 854 τήν
250 815 523 870 Κεφαλληνίαν,
545 827 577 848 κ.
601 813 716 849 τόπον
739 813 879 857 ἐκλεξά-

82 868 192 900 μενος
214 856 419 903 ἐπιτήδειον
444 862 545 905 αυτῷ
562 860 729 895 ἐνταῦθα
748 858 875 917 ᾠκησε.

82 902 221 946 λέγεται
245 906 372 948 (malim
396 906 548 950 ἐλέγετο)
572 904 612 940 δὲ
627 903 761 961 ’Ἇμμος
783 903 801 941 ὁ
818 905 878 942 τό-

82 959 171 989 πος·
196 953 440 1005 προσορμίσας
459 951 532 994 (δὲ)
551 952 600 991 εἰς
617 950 682 986 τὸν
698 953 763 996 τῆς
780 951 832 987 Ἰθ
835 951 878 988 ά-

83 1007 149 1038 κης
172 996 250 1040 λιμέ
242 1010 297 1032 -να
328 995 480 1041 ἠξίωσεν
504 997 619 1032 αὐτὸν
644 997 717 1054 ἀφ’
741 998 878 1033 ἑαυτοῦ

80 1042 415 1100 προσαγορεύεσθαι
443 1042 562 1097 Φορκτ
566 1057 641 1084 νος
667 1042 696 1101 ἦ
718 1043 757 1079 δε
779 1045 876 1079 ἱστο-

81 1090 144 1131 ρία
169 1087 269 1134 παρὰ
296 1087 485 1133 Ηροδότῷ
522 1090 639 1129 (scrib.
663 1088 876 1150 :Hpoffaiqgm

80 1135 240 1179 Buttm.).
271 1155 314 1161 —
355 1137 618 1181 προβλῆτες
650 1133 801 1172 ἀκταί.
837 1135 876 1178 ε’,

81 1179 158 1215 405.
206 1182 323 1222 „Aen
355 1183 398 1223 3,
423 1184 520 1218 699.-
551 1183 769 1226 projectaque
791 1194 878 1216 saxa

81 1226 271 1268 Pachynif‘
292 1228 345 1261 Cl.
369 1247 414 1252 —
451 1225 753 1272 ἐποῤῥῶγες,
774 1239 878 1272 prae-

80 1277 216 1315 ruptae.
254 1271 300 1317 ι’,
332 1275 400 1309 359
430 1278 493 1307 etc.
524 1295 569 1300 -—-
610 1273 658 1307 E:
690 1286 877 1309 ποτιπε-

80 1321 280 1374 nzhnvioec
315 1320 355 1354 δὲ
388 1320 427 1354 αὶ
459 1324 779 1375 προσπεπτωκρῖαι
806 1319 876 1361 πρὸ

79 1365 149 1400 τοῦ
171 1364 332 1409 λιμένος,
365 1380 397 1401 κ.
427 1367 478 1407 εἰς
510 1366 641 1410 σκέπην
671 1378 780 1401 ονσαι
802 1367 877 1400 τῶν

81 1409 237 1453 ἀνέμων.
280 1412 361 1446 Sch.
375 1425 384 1446 ε
409 1412 477 1447 ἔσω
497 1415 715 1448 νενευκυῖαι.
751 1413 875 1457 „Virg.

78 1458 164 1492 Aen.
189 1460 230 1495 1.
257 1457 352 1492 163.·
384 1460 499 1492 insula
519 1464 653 1503 portum
680 1460 796 1502 Efficit
819 1460 877 1491 ob-

71 1503 169 1547 J'ectu
209 1504 356 1537 laterum
371 1529 381 1546 ,
431 1506 550 1548 quibus
583 1505 690 1538 omnis
723 1507 766 1538 ab
806 1506 877 1538 alto

79 1549 284 1593 Frangitur,
309 1550 410 1593 inque
425 1552 518 1584 sinus
540 1552 664 1584 scindit
687 1563 760 1586 sese
781 1552 877 1585 unda

78 1595 281 1629 reductos.“
303 1595 334 1628 E
355 1595 406 1629 Cl.
439 1615 476 1621 -
523 1595 784 1638 σκεπόωσι,
815 1608 876 1630 ar-

78 1646 167 1684 cent,
190 1641 389 1682 defendunt,
415 1653 436 1675 a
453 1641 606 1684 σκεπόω,
626 1643 782 1685 σκεπάω,
804 1654 878 1678 σκε-

77 1686 160 1729 ms,
183 1687 271 1720 unde
295 1685 476 1730 σκεπάζω,
499 1695 537 1722 ut
561 1701 582 1724 a
604 1689 703 1724 πετῶ
724 1688 877 1732 πετάζω,

78 1743 101 1767 a
116 1733 207 1780 βιβῶ
230 1734 264 1778 β
269 1733 379 1778 βάζω,
399 1736 591 1769 notanteE.
606 1755 650 1760 —
675 1737 879 1782 δεσμοῖο,

77 1781 289 1823 πείσματος.
320 1781 377 1815 77.
439 1781 559 1825 ‚Virg.
591 1784 674 1816 Aen.
708 1783 878 1823 1‚17o.:

74 1828 191 1870 fronte
214 1827 274 1859 sub
308 1827 456 1860 adversa
490 1829 632 1870 scopulis
656 1808 879 1873 pendentibus

79 1877 243 1906 antrum·
231 1896 240 1912 ,
266 1873 362 1906 Intus
384 1884 495 1917 aquae
518 1874 644 1915 dulces,
669 1875 811 1918 vivoque
825 1886 879 1907 se-

79 1919 167 1951 dilt’a
190 1930 293 1959 saxo,
318 1919 555 1963 Nympharum
575 1921 703 1956 domus.
738 1922 792 1954 hic
805 1923 877 1962 ses-

77 1975 136 1998 sos
158 1976 225 1997 non
248 1965 385 1998 vincula
408 1977 513 1999 naves
541 1967 620 1999 Ulla
642 1972 769 2008 tenent,
792 1978 876 1999 unco

77 2022 145 2044 non
168 2011 297 2056 alligat
316 2023 442 2044 ancora
460 2015 597 2045 τηονεηι.6
602 2012 687 2045 ‘CL
706 2031 751 2038 -
775 2010 826 2047 ἐῦ
838 2022 877 2046 σ-

76 2056 255 2113 σελμσι.
297 2057 354 2102 β’,
376 2059 454 2092 390.
501 2059 576 2092 Ald.
601 2059 634 2093 3.
668 2063 702 2092 et
733 2058 874 2103 Cephal.

75 2104 130 2138 ΞΛ
148 2099 331 2147 ἓνσελμοι.
367 2104 417 2137 sic
442 2103 542 2137 etiam
565 2104 597 2138 Ε
620 2103 665 2150 β’,
688 2105 789 2145 390..
780 2116 789 2124 ·
813 2116 876 2137 nec

76 2159 161 2183 sane
184 2155 291 2183 metro
310 2160 394 2193 opus
415 2150 556 2183 alterum
581 2161 611 2193 σ,
636 2162 750 2184 verum
770 2150 832 2183 id'
820 2162 875 2194 Ju-

77 2199 138 2228 vat
162 2204 197 2228 et
220 2206 280 2228 usu
304 2200 475 2240 receptum
509 2201 584 2238 est,
616 2202 653 2230 ut
685 2196 877 2239 hujusmodi

79 2239 146 2274 alia
169 2246 341 2275 sexcenta.
370 2260 414 2266 —-
451 2242 553 2275 Sch:
587 2240 702 2277 ὅταν
724 2242 874 2298 ὅρμου

78 2285 255 2330 μέτρον
281 2288 494 2322 ικωνται.
530 2285 619 2323 ὅταν
640 2287 732 2332 πρὸς
754 2289 796 2323 τὸ
817 2285 876 2344 ὁρᾷ

78 2333 261 2388 μισθῆναι
285 2330 503 2376 ἀφίκωνται.
545 2334 586 2369 τὸ
620 2335 814 2379 μέτρον,
852 2331 876 2379 η“

79 2377 123 2413 τὸ
149 2377 357 2434 οἶναπλῆρες
379 2381 444 2424 τῆς
465 2381 686 2425 καταγωγῆς.
709 2402 753 2407 -
795 2381 876 2416 ἐπὶ

78 2422 258 2468 κρατὸς
281 2425 481 2469 λιμένος.
512 2426 570 2462 ἐπὶ
594 2427 659 2469 τῆς
682 2425 807 2473 ἀρχῆς.
831 2447 875 2451 -

79 2473 166 2515 Ap.:
201 2470 510 2515 τανύφυλληος
552 2474 667 2518 (346.)
701 2472 876 2517 τετααένοι

79 2516 202 2561 φύλλα
227 2516 381 2560 ἔχουσα,
413 2517 494 2553 οἷον
523 2519 789 2563 μακρὸφυλλος.
828 2520 877 2553 sic

78 2563 159 2597 item
185 2564 352 2608 Hesych:
342 2588 352 2605 ‚
385 2564 443 2598 sed
475 2576 508 2598 v
541 2571 702 2599 annotata
733 2566 875 2599 inferius

78 2610 124 2642 ad
147 2610 227 2643 372.
260 2628 306 2634 -
348 2609 524 2655 ἐλαίης.
561 2610 605 2651 ε’,
635 2611 700 2646 477
729 2619 794 2646 etc.
830 2631 875 2636 —-

77 2653 338 2698 ἐπήρατον,
363 2658 537 2689 excelsum.
570 2656 613 2696 δ’,
637 2659 713 2693 606.
732 2677 775 2683 —-
807 2656 875 2700 ἦε-

78 2699 278 2744 ροειὸες,
304 2703 489 2735 obscurum.
524 2702 570 2748 β’,
591 2682 658 2737 2’63
676 2710 740 2738 etc.
774 2705 875 2738 etiam

77 2746 120 2781 Il.
146 2747 182 2787 ε’,
205 2749 283 2782 770.
313 2748 426 2781 nescio
451 2760 492 2781 an
518 2748 699 2793 ἠεροειδὲς
723 2751 800 2785 ἴδεν
828 2750 877 2783 si-

78 2792 220 2842 gnificet
246 2794 382 2826 obscure
404 2795 522 2827 videre
548 2796 650 2836 solet,
677 2797 708 2829 h.
726 2808 756 2830 e.
783 2796 875 2830 velut

75 2849 142 2884 per
166 2839 342 2881 nebulam,
376 2843 413 2872 ut
436 2840 585 2884 conspici
607 2842 717 2875 solent
741 2842 875 2886 longin-

76 2885 211 2929 quiora.
253 2865 438 2930 prudenter
456 2888 498 2918 de
520 2889 583 2919 hoc
605 2892 703 2940 ajuro
717 2888 874 2942 Geogra-

74 2930 164 2986 plius
188 2931 273 2966 libro
300 2934 340 2973 1,
364 2933 445 2966 59.=
473 2931 510 2966 ἕν
533 2944 570 2967 τε
594 2946 638 2978 τῃ
659 2930 784 2989 Ἰθάκῃ
811 2932 874 2968 ου’-

75 2974 138 3012 ὅέν
160 2974 304 3013 ἔστιν’
280 2989 416 3022 αντρον
437 2978 633 3021 τοιοῦτον,
657 2976 746 3016 οὐδὲ
766 2982 808 3015 Ν
811 2993 875 3024 υμ-

925 724 1059 767 φαιον,
1100 720 1181 758 οἶόν
1212 732 1326 768 φησιν
1347 719 1527 781 ”Ομηρος.
1574 723 1715 781 βέλτιον

925 768 964 804 δὲ
989 768 1181 803 αἰτιᾶσθαι
1203 768 1427 814 μεταβολήν,
1450 767 1472 813 η’
1498 768 1667 812 (ἔννοιαν,
1692 768 1714 814 ἢ

922 814 1150 857 κατάψευσιν
1173 815 1247 849 τῶν
1269 815 1391 850 τόπων
1413 828 1505 850 κατα
1521 815 1561 850 τὸ
1584 816 1715 858 μυθῶ-

923 863 993 902 δες.
1039 862 1100 895 B.:
1124 861 1200 903 „de
1224 863 1287 895 hoc
1309 862 1511 906 Nymphaeo
1536 862 1717 906 allegorice

923 907 1122 952 explicando
1157 907 1369 940 inanissimus
1409 912 1503 941 extat
1533 907 1718 951 Ιόι-μὶι)τ11

922 953 1072 993 libellus,
1105 965 1204 997 quem
1235 953 1373 997 ineptiis
1404 953 1441 986 id
1463 964 1568 997 genus
1592 953 1660 985 suis
1684 958 1719 985 et,

923 1000 1063 1032 aliorum
1096 999 1190 1032 auxit
1223 998 1414 1038 Goensius‚
1452 999 1574 1032 oblitus
1607 1004 1719 1030 tamen

922 1045 976 1078 Jo.
998 1044 1163 1084 Bellonii,
1188 1045 1266 1088 qui,
1295 1055 1380 1077 anno
1406 1046 1510 1086 1601,
1544 1045 1587 1077 de
1611 1044 1720 1077 Naia-

922 1090 1019 1123 dibus
1042 1089 1232 1122 Homericis
1253 1089 1374 1122 Italica
1395 1090 1511 1134 linuua
1534 1101 1719 1123 sermonem

923 1135 1092 1179 vulgant
1127 1136 1212 1169 Cum
1237 1141 1367 1168 antrum
1391 1147 1513 1169 revera
1537 1135 1591 1169 hic
1615 1135 1720 1168 fuisse

922 1180 1230 1226 Nympharumque
1252 1191 1382 1214 sacrum
1403 1185 1553 1215 testetur
1573 1181 1720 1214 Artemi—

923 1226 1027 1259 dorus
1051 1226 1243 1280 Ephesius,
1276 1227 1369 1259 lusus
1401 1233 1543 1260 naturae
1574 1226 1609 1259 in
1632 1225 1719 1270 lapi·

925 1272 1002 1305 dum
1026 1273 1135 1305 forma
1156 1277 1192 1305 et
1209 1271 1244 1304 in
1262 1272 1443 1305 stillicidiis
1464 1272 1719 1315 stalagmatum-

924 1329 990 1361 que
1013 1317 1282 1351 concretionibus
1302 1319 1437 1362 ροέῑίοθ
1460 1317 1642 1363 phantasia
1657 1328 1718 1350 va-

922 1367 989 1396 tem
1031 1364 1242 1408 expressisse
1277 1369 1373 1407 puto.
1419 1375 1482 1397 nec
1514 1363 1549 1397 in
1588 1363 1719 1396 duabus

922 1409 1034 1453 portis
1053 1410 1215 1454 mysteria
1232 1410 1388 1444 videntur
1406 1421 1481 1443 esse
1503 1409 1717 1454 quaerenda:

922 1455 1070 1488 borealis
1094 1455 1160 1488 suit
1184 1457 1349 1488 descensu
1372 1455 1496 1493 facilis.
1523 1460 1558 1488 et
1582 1466 1649 1499 qua
1667 1455 1720 1487 in-

924 1501 1018 1534 colae
1041 1506 1236 1543 uterentur3
1268 1501 1425 1540 australis
1454 1502 1650 1543 inaccessa,
1684 1505 1720 1534 et

922 1546 998 1579 hinc
1039 1546 1176 1580 deorum
1219 1547 1361 1592 propria
1399 1546 1506 1580 fuisse
1548 1546 1684 1581 dicitur.
1695 1548 1719 1565 “

923 1592 1108 1626 Blontbela
1130 1593 1265 1632 „Selon
1289 1593 1436 1626 Strabon
1460 1594 1521 1635 (1,
1547 1593 1640 1635 59.,)
1664 1593 1720 1625 cet

923 1643 1022 1671 antre
1056 1638 1115 1671 des
1130 1617 1316 1683 Nymphes
1347 1639 1519 1672 n'existait
1542 1649 1604 1682 pas
1635 1637 1719 1671 dans

923 1683 991 1717 l’1le
1022 1683 1215 1728 d'Ithaque.
1273 1689 1323 1719 Au
1355 1684 1548 1724 contraire,
1586 1682 1721 1728 d’apres

923 1731 972 1765 M.
997 1729 1046 1762 Le
1067 1730 1250 1763 Chevalier
1271 1732 1378 1774 (Voy.
1404 1731 1447 1763 de
1469 1730 1503 1764 la
1519 1730 1661 1763 Troade
1687 1732 1720 1771 1,

924 1775 979 1811 66.
1015 1776 1073 1818 [cf.
1101 1776 1257 1809 Viilcker.
1281 1788 1315 1821 p.
1338 1778 1393 1811 69.
1427 1780 1479 1817 et,
1515 1787 1614 1819 quem
1648 1774 1721 1808 lau-

924 1821 1043 1862 davit,
1070 1822 1161 1854 Gell.
1184 1822 1300 1855 ltincr.
1324 1833 1358 1867 p.
1383 1802 1598 1857 393—395.
1603 1821 1654 1865 ])
1678 1832 1721 1853 οη

924 1868 957 1901 le
981 1845 1052 1901 voi’t
1075 1879 1196 1901 encore
1222 1869 1299 1912 pres
1323 1870 1367 1901 du
1389 1873 1467 1911 port
1480 1867 1597 1900 Vathi.
1632 1867 1718 1899 Por-

924 1914 1045 1958 phyre,
1064 1919 1186 1947 auteur
1207 1914 1239 1946 d’
1243 1926 1306 1948 une
1320 1913 1538 1948 disserta-tion
1559 1924 1617 1946 sur
1637 1911 1721 1945 l’an-

922 1965 976 1993 tre
1000 1959 1058 1992 des
1074 1960 1130 2004 Ny
1135 1971 1187 2004 mp
1191 1960 1249 1992 hes
1273 1960 1343 2002 (De
1367 1967 1465 1994 antro
1488 1959 1720 2003 Nympharum

923 2016 953 2038 c.
977 2007 1029 2046 2,
1063 2007 1116 2039 ed.
1151 2006 1194 2038 de
1224 2006 1361 2049 Leyde,
1395 2007 1542 2045 1792),
1577 2004 1720 2045 affirmo,

922 2051 998 2095 d'ap
1004 2053 1057 2084 ·ἑ5
1081 2052 1246 2092 Cronius,
1274 2063 1341 2095 que
1364 2056 1440 2084 tous
1471 2061 1555 2084 ceux
1577 2050 1636 2095 qui
1661 2055 1721 2083 ont

922 2064 1031 2130 donpne
1057 2097 1115 2130 des
1147 2097 1308 2141 descripti
1313 2109 1374 2131 ons
1397 2097 1596 2141 d’hhaque,
1629 2108 1648 2129 n
1652 2095 1722 2128 'ont

921 2144 1104 2177 nullement
1125 2144 1219 2188 parle
1245 2143 1286 2176 de
1310 2149 1402 2177 cette
1425 2148 1552 2186 grotte.
1593 2141 1721 2175 C'etait

920 2188 952 2222 la
986 2195 1120 2222 surteut
1155 2201 1193 2223 ce
1227 2201 1293 2232 que
1331 2189 1449 2222 devait
1479 2187 1601 2222 emtxblir
1632 2188 1720 2221 Por-

921 2236 1054 2288 phyre,
1079 2235 1136 2279 qui
1162 2235 1321 2280 explique
1344 2241 1419 2268 tout
1444 2246 1483 2267 ce
1501 2245 1647 2288 passage
1671 2233 1720 2266 al-

920 2279 1207 2324 legoriquement‚
1240 2286 1275 2314 et
1307 2281 1362 2325 qui
1400 2280 1456 2325 n'y
1486 2279 1560 2314 voit.
1591 2291 1657 2323 que
1689 2279 1721 2312 le

921 2328 1071 2369 symbole
1095 2328 1138 2360 de
1159 2327 1193 2360 la
1216 2327 1442 2370 cosmogonie.
1488 2325 1538 2359 M.
1564 2326 1720 2367 Daunon,

922 2373 961 2404 (la
969 2384 1006 2406 ns
1037 2384 1096 2405 son
1129 2373 1296 2406 excellent
1321 2373 1438 2406 article
1461 2383 1518 2405 sur
1544 2371 1721 2414 Porphyre

922 2418 1028 2461 (35⁰0
1020 2430 1059 2451 rr.
1084 2418 1176 2452 univ.
1169 2442 1197 2458 .‚
1222 2425 1289 2452 ait.
1313 2419 1529 2462 Porphyre)‚
1565 2428 1585 2450 a
1609 2417 1720 2449 donnc-

921 2475 986 2498 une
1009 2465 1148 2506 οιιοΙ)5ε
1172 2464 1292 2508 rapide
1317 2464 1361 2497 du
1386 2476 1418 2508 s>
1407 2465 1532 2497 steine
1559 2463 1602 2495 de
1630 2461 1721 2494 Pur-

922 2511 1039 2553 ρὶιμε.
1086 2501 1140 2555 ]’)’
1177 2510 1325 2544 renvoie.
1372 2510 1467 2553 Pope
1500 2508 1629 2552 (Notas
1664 2518 1720 2550 up.

921 2557 1026 2590 books
1052 2557 1238 2598 13,124.)
1271 2556 1322 2589 dit
1344 2555 1444 2599 quun
1469 2561 1604 2590 auteur,
1638 2554 1721 2596 quil

920 2613 962 2636 ne
986 2613 1113 2635 nomme
1138 2613 1198 2646 pas
1224 2602 1386 2645 (another
1405 2601 1556 2644 person),
1583 2598 1722 2633 donuait

920 2659 963 2681 un
998 2660 1074 2681 sens
1105 2649 1250 2682 obscene
1282 2658 1345 2681 aux
1372 2649 1412 2682 11
1439 2657 1517 2678 vers
1545 2645 1641 2678 relat'.
1636 2644 1677 2676 ·fs
1701 2645 1721 2677 Sl

920 2694 1043 2728 l'untre
1067 2694 1128 2727 ‹lc—s
1153 2694 1342 2738 N)u1phcs.
1392 2694 1483 2725 Avec
1508 2691 1568 2723 des
1592 2690 1721 2733 ullcgo-

922 2739 993 2773 ries
1027 2751 1068 2774 on
1108 2745 1189 2783 peut
1222 2744 1297 2772 tout
1334 2748 1513 2781 snpposcr.
1528 2740 1552 2756 66
1606 2735 1721 2768 mutila

921 2790 1020 2826 sunt,
1045 2797 1134 2830 quae
1159 2785 1201 2818 ad
1227 2786 1311 2817 haec
1333 2783 1516 2816 numerica
1539 2780 1722 2825 adsciipsit

921 2833 994 2865 Am.
1021 2831 1084 2872 Β.,
1119 2831 1209 2874 apud
1244 2841 1355 2884 quem
1373 2828 1464 2874 quod
1499 2828 1625 2871 legitur
1657 2826 1720 2861 καὶ

921 2875 1060 2919 ἄνὸρας
1081 2876 1203 2919 (maz)
1234 2876 1280 2910 τὰ
1305 2873 1476 2919 σώμαι-α,
1509 2872 1720 2908 scribendum

922 2929 975 2956 est.
998 2924 1060 2957 καὶ
1081 2922 1262 2965 κρατῆρας
1287 2920 1333 2955 τοὶ
1369 2932 1401 2955 σ.
1450 2921 1504 2954 E:
1539 2918 1656 2954 ταῦτα
1680 2917 1719 2953 δὲ

919 2968 1152 3013 πεπμίασμὲια
1176 2968 1289 3010 εἰσὶν,
1312 2967 1444 3014 inquit,
1474 2963 1523 3011 ὥς
1547 2975 1660 3011 φασιν
1683 2971 1720 3006 οὶ
