1856 3282
103 147 128 186 N>

132 146 187 186 g

737 149 1136 192 ΟΜΗΡΟΥ

272 257 386 297 τοῖσι
415 255 463 312 δὲ
491 254 652 310 μύθων
681 253 786 315 ἦρχε
814 257 900 301 θεὰ
927 261 1177 313 γλαυκῶπις
1202 259 1386 317 Ἀθήνη·

352 312 526 362 ,,Οὐτος
554 312 607 368 δή
637 330 728 365 τοι,
760 317 868 366 ξεῖνε
896 314 1052 369 πάτερ,
1085 316 1243 369 δόμος,
1280 317 1334 360 ὄν
1361 334 1413 374 με
1443 317 1630 371 κελεύεις

273 368 576 423 πεφραδέμεν·
605 369 724 425 δηέις
755 372 801 415 δὲ
831 372 1090 423 διοτρεφέας
1118 376 1340 427 βασιλῆας,

188 423 242 465 50
274 424 428 478 δαίτην
458 426 762 480 δαινυμένους.
804 426 858 470 σι)
890 427 938 470 δ’
971 428 1054 472 ἔσω
1084 430 1173 479 κίε,
1202 429 1308 484 μηδέ,
1338 446 1380 472 τι
1408 435 1540 490 θυμῷ

271 477 439 535 τάρβει·
481 484 727 536 θαρσαλέος
756 484 842 539 γάρ
872 483 984 541 άνὴρ
1015 486 1062 529 ἐν
1091 489 1225 528 πᾶσιν
1255 486 1446 541 ἀμείνων

271 536 464 590 ἔργοισιν
493 539 676 591 τελέθει,
707 541 743 582 εἰ
770 542 845 584 καί
873 547 1015 585 ποθεν
1044 540 1235 584 ἄλλοθεν
1265 543 1398 585 ἔλθοι.

271 593 509 636 δέσποιναν
538 597 617 649 μὲν
646 600 796 651 πρῶτα
825 598 1020 652 κιχήσεαι
1053 599 1100 642 ἐν
1128 598 1403 654 μεγάροισιν·

265 647 422 706 Ἀρήτη
455 650 500 693 δ’
534 650 661 705 ὄνομ’
695 653 812 696 ἐστὶν
842 655 1099 712 ἐπώνυμον,
1130 656 1178 698 ἐκ
1209 655 1255 698 δὲ
1285 655 1458 712 τοκήων

185 707 241 750 55
274 709 364 748 τῶν
385 706 554 761 αὐτῶν,
587 710 711 763 οἵπερ
741 710 871 754 τέκον
898 711 1122 755 Ἀλκίνοον
1151 715 1352 767 βασιλῆα.

270 765 536 807 Ναυσίθοον
565 765 645 820 μὲν
672 771 825 819 πρῶτα
855 767 1117 812 Ποσειδάων
1145 770 1387 824 ἐνοσίχθων

268 821 440 874 γείνατο
467 822 541 863 καὶ
573 825 812 878 Περίβοια,
843 829 1069 881 γυναικῶν
1100 823 1216 876 εἶδος
1244 825 1411 881 ἀρίστη,

269 874 488 932 ὁπλοτάτη
517 878 719 936 ’θυγάτηρ
746 882 1040 937 μεγαλήτορος
1069 881 1424 938 Εὐρυμέδοντος,

268 931 318 982 ὅς
346 933 456 975 ποθ’
486 932 785 991 ὑπερθύμοισι
816 939 1101 994 Γιγάντεσσιν
1125 941 1365 995 βασίλευεν.

183 986 281 1031 60*
313 987 410 1031 ἀλλ’
442 989 466 1033 ὁ
497 991 576 1045 μὲν
607 992 738 1037 ὤλεσε
767 993 876 1037 λαὸν
906 993 1178 1045 ἀτάσθαλον,
1212 995 1341 1038 ὤλετο
1373 993 1418 1038 δ’
1449 991 1591 1044 αὐτός.

270 1048 323 1100 τῇ
354 1046 399 1089 δὲ
431 1048 690 1092 Ποσειδάων
719 1050 866 1106 ἐμίγη,
907 1054 983 1095 καὶ
1012 1053 1204 1109 ἐγείνατο
1234 1055 1385 1100 παῖδα,

270 1105 539 1147 ,Ναυσίθοον
567 1106 847 1163 μεγάθυμον,
880 1107 927 1160 ὃς
958 1110 1005 1152 ἐν
1039 1112 1220 1165 Φαίηξιν
1251 1108 1432 1151 ἄνασσε·

270 1161 534 1213 Ναυσίθοος
560 1162 604 1206 δ’
634 1164 749 1208 ἔτεκε
769 1163 1008 1223 Ῥηξήνορά
1038 1165 1095 1220 τ’,
1120 1165 1348 1210 Ἀλκίνοόν
1377 1180 1437 1208 τε.

98 1302 143 1337 tis
168 1315 234 1338 non
257 1305 303 1340 sit
327 1317 415 1351 opus
430 1307 648 1344 Phaeacibus
670 1310 833 1344 adversus
847 1311 909 1345 ho-

97 1357 169 1384 stes
196 1352 318 1386 nullos.
343 1373 387 1378 —
411 1358 538 1389 τοῖσι
560 1355 622 1392 δέ.
662 1361 757 1392 τοῖσι
782 1355 840 1401 δή.

144 1399 312 1432 49-59.
359 1402 693 1447 πεφραδέμεν,
734 1409 909 1439 monstra-

96 1455 146 1477 re.
184 1443 232 1485 α’,
264 1447 353 1486 273,
389 1447 430 1482 11.
455 1447 499 1491 ξ’.
530 1451 600 1484 500
625 1456 692 1485 etc.
716 1470 761 1475 —-
805 1453 908 1486 διο-

95 1489 307 1533 τρεφέας
340 1494 439 1537 βασ.
474 1494 513 1527 ΙΙ.
548 1494 598 1536 α’,
636 1498 702 1533 176
735 1501 801 1531 etc.
834 1498 907 1530 Am.

97 1536 143 1576 Q.
173 1543 210 1588 et
236 1538 277 1570 B.
302 1544 337 1571 et
362 1540 427 1573 H.:
451 1541 612 1585 βασιλεῖς
630 1542 717 1582 τούς
737 1541 829 1577 κατά
845 1541 908 1586 με’-

94 1596 161 1626 ρος
184 1582 368 1627 ἄρχοντάς
392 1598 518 1631 φησιν.
537 1607 582 1614 -
607 1589 783 1633 δαίτην
808 1590 909 1624 δαι-

95 1629 349 1670 νυμένους.
390 1632 444 1676 γ’,
480 1632 545 1675 44,
580 1633 636 1676 α’,
660 1636 728 1670 369
754 1641 819 1670 etc.
864 1636 907 1670 de

96 1676 339 1720 conjunctione
373 1679 515 1713 nominis
550 1685 584 1714 et
616 1682 714 1714 verbi
754 1681 906 1724 ejusdem

94 1722 217 1767 stirpis
248 1734 283 1757 v,
317 1722 359 1766 ζ’,
383 1724 440 1760 61.
476 1745 522 1752 —
564 1727 645 1762 κίε.
678 1726 729 1771 γ’,
765 1729 808 1763 17
839 1733 905 1760 etc.

95 1788 141 1792 —
165 1766 354 1815 τάρβει.
386 1769 435 1811 π’,
471 1773 557 1812 179,
587 1773 626 1806 11.
652 1774 698 1818 β’,
733 1774 801 1807 268
836 1780 904 1807 etc.

91 1832 139 1838 —-
165 1816 237 1848 Am.
271 1816 317 1856 Q.
349 1822 384 1850 et
408 1818 476 1851 H.:
513 1819 799 1863 θαρσαλέος.
838 1817 906 1862 οὐχ

94 1858 116 1895 ὁ
149 1860 315 1905 θρασύς·
357 1861 496 1903 ἐκεῖνος
525 1864 596 1911 γάρ
630 1865 799 1911 ἀναιδής.
842 1865 906 1900 καὶ

93 1906 191 1945 ἔστιν
216 1909 354 1943 οἰκεῖον
374 1911 420 1955 τῇ
441 1908 581 1958 Ἀθηνᾷ
604 1911 645 1947 τό
662 1915 727 1957 τῆς
746 1910 906 1958 γνώμης,

92 1953 156 1988 καὶ
183 1954 307 1998 (scrib.
329 1953 398 1997 ὥς,
424 1956 468 1990 de
492 1969 558 2003 quo
584 1971 616 1994 v.
643 1961 673 1994 Ε
698 1960 741 1994 ad
761 1958 806 2001 δ’,
836 1961 905 1994 343

93 2001 183 2042 etc.)
209 1999 246 2043 ἐξ
270 1999 445 2046 άνδρείας
469 2016 501 2038 κ.
525 2008 704 2049 λογισμοῦ
721 2004 844 2051 ὀρθοῦ
860 2004 902 2040 τὰ

93 2046 254 2092 θαρρεῖν
288 2051 523 2093 περιγίνεται.
564 2054 677 2089 τοῦτο
709 2052 780 2097 γάρ
806 2054 909 2087 δοκεῖ

93 2097 361 2136 παραιτεῖσθαι
386 2097 593 2141 (recusare,
617 2100 810 2144 impedire)
836 2098 905 2143 τήν

94 2140 310 2196 παρρησίαν
340 2139 562 2197 Ὀδυσσέως,
595 2144 653 2182 ὅτι
678 2146 780 2188 ξένος
805 2144 905 2190 ἐτύγ-

94 2199 217 2230 χανεν.
249 2189 447 2233 υποβαλλει
472 2186 552 2235 οὖν,
579 2191 636 2228 ὅτι
661 2193 722 2228 καὶ
746 2192 810 2228 τὸν
828 2206 905 2228 τοι-

96 2235 210 2268 οῦτον
233 2234 393 2280 Ιθαρρεῖν
419 2237 498 2279 δεῖ,
523 2239 560 2273 εἰ
578 2239 697 2283 μέλλει
725 2241 905 2285 σωτηρίας

94 2278 303 2323 τεύξεσθαι.
331 2300 378 2308 —·
423 2296 442 2317 τ
457 2284 569 2320 ελέθ
582 2298 631 2321 ει.
669 2284 723 2327 δ’,
759 2288 802 2321 85
838 2292 904 2319 etc.

95 2346 138 2352 —
166 2327 208 2362 εἰ
237 2327 392 2362 καὶ-
435 2328 600 2375 ἔλθοι,
635 2344 674 2366 ex
704 2344 905 2376 quacunque

95 2379 193 2407 terra
218 2374 411 2417 advenerit,
450 2377 483 2410 h.
509 2389 539 2411 e.
564 2379 718 2422 quamvis
745 2379 906 2423 peregri-

95 2431 158 2453 nus
182 2419 246 2460 sit,
284 2432 304 2453 e
327 2421 513 2467 longinqua
546 2430 640 2458 terra
664 2425 837 2459 oriundus.
861 2443 905 2449 -

94 2464 419 2509 ,,δε’σποιναν,
468 2470 601 2504 heram.
653 2483 720 2505 vox
763 2471 903 2515 propria

95 2511 320 2556 Odysseae-‘⁶
344 2513 391 2547 N.
410 2534 456 2539 —
480 2515 723 2561 κιχήσεαι,
748 2517 903 2550 offendes

94 2559 304 2601 quaesitam,
341 2559 376 2593 h.
402 2572 433 2594 e.
459 2564 590 2604 adibis,
622 2564 738 2603 adito,
773 2562 904 2608 suppli-

94 2603 196 2638 candi
219 2605 344 2648 gratia.
378 2626 423 2631 —
459 2607 597 2652 ὄνομ’
632 2607 904 2653 ἐπώνυμον,

93 2661 216 2683 nomen
238 2652 419 2685 nominans
441 2654 553 2698 illam3
586 2667 727 2696 nomen,
752 2668 817 2700 quo
842 2667 905 2700 ap-

95 2696 255 2741 pellatur.
290 2696 343 2740 τ’,
369 2699 448 2734 409.
485 2721 523 2726 —
570 2701 779 2745 τοκήων,
812 2714 905 2745 προ-

94 2740 231 2786 γόνων,
284 2747 322 2778 ut
365 2745 580 2781 scholiastae
619 2749 904 2793 interpretantur,

95 2802 138 2823 ne
171 2790 255 2825 haec
278 2797 432 2837 pugnent
458 2806 534 2828 cum
559 2795 715 2828 versibus
739 2795 907 2829 63—66.

97 2855 141 2860 —
177 2838 396 2880 Eurymedon
430 2846 547 2874 cetera
587 2841 726 2884 ignotus
758 2843 821 2873 est.
863 2839 906 2873 de

98 2885 311 2928 Gigantibus
346 2887 418 2926 Am.
456 2888 502 2928 Q.
528 2891 562 2921 et
585 2887 651 2921 H.:
686 2884 735 2926 (ὃς
768 2884 906 2926 ἔθνους

96 2931 198 2970 τινὸς
220 2931 295 2965 τῶν
320 2931 510 2976 Γιγάντων
531 2935 714 2978 μέμνηται
731 2933 904 2977 γενναίου

96 2977 159 3013 καὶ
191 2974 458 3021 ὑπερηφάνου·
501 2979 548 3014 τά
583 2978 622 3015 δὲ
647 2979 750 3022 παρὰ
776 2977 904 3014 νεωτέ-

97 3036 177 3070 ροις
201 3023 270 3061 οὐκ
295 3024 417 3071 οἶδεν,
451 3023 547 3063 οὔθ’
570 3024 621 3069 ὥς
653 3021 749 3072 ἦσαν
772 3024 902 3070 ἐκτρά-

953 1310 1060 1345 πελοί
1083 1309 1132 1353 (ν.
1156 1310 1261 1344 Schn.
1285 1310 1319 1344 h.
1346 1312 1402 1355 v.)
1424 1322 1517 1350 τινες
1537 1321 1571 1344 κ.
1595 1307 1759 1351 ὀφιόπο-

955 1357 1038 1397 δες,
1081 1357 1186 1395 οἴους
1231 1354 1372 1397 αὐτούς
1393 1355 1758 1401 ’άναζωγραφοῦσιν,

954 1400 1040 1437 οὔτε
1078 1399 1127 1442 ὡς
1163 1403 1325 1447 Φλέγραν
1357 1400 1529 1448 ᾤκησαν,
1577 1401 1663 1439 οὔτε
1702 1398 1762 1438 ὅτι

952 1451 1060 1488 θεοῖς
1084 1449 1318 1494 ἐμαχέσαντο.
1363 1451 1466 1484 Paus.
1484 1452 1517 1492 8,
1537 1450 1596 1491 29,
1619 1451 1674 1485 2:
1699 1452 1763 1483 Γι-

953 1494 1100 1540 γάντων
1123 1493 1160 1529 ἐν
1184 1495 1252 1539 μὲν
1273 1494 1405 1531 Ἰλιάδι
1433 1494 1612 1536 οὐδεμίαν
1636 1494 1761 1536 ἐποιή-

954 1554 1042 1577 σατο
1059 1538 1230 1586 ”Ὀμηρος
1252 1540 1413 1586 μνήμην,
1436 1541 1691 1589 ἐν’Όδυσσείᾳ
1719 1542 1760 1578 δὲ

954 1587 1016 1630 (κ’,
1042 1590 1139 1632 1Ξ9.)
1172 1589 1306 1633 ἔγραψε
1329 1588 1417 1632 μὲν,
1449 1586 1500 1628 ὥς
1529 1592 1610 1628 ταῖς
1630 1588 1763 1625 Ὀδυσ-

953 1636 1044 1674 σέως
1074 1636 1183 1670 ναυσὶ
1208 1634 1476 1680 Λαιστρυγόνες
1498 1633 1690 1671 ἐπέλθοιεν
1702 1638 1764 1669 Γί-

951 1692 1061 1724 γασι,
1106 1694 1137 1715 κ.
1184 1678 1253 1716 οὐκ
1293 1679 1496 1723 ἀνδράσιν,
1533 1681 1759 1725 εἰκασμένοι·

950 1726 1101 1772 ἐποίησε
1125 1726 1164 1762 δὲ
1189 1727 1251 1762 καὶ
1275 1726 1340 1762 τόν
1365 1727 1516 1773 βασιλέα
1538 1730 1614 1762 τῶν
1641 1727 1761 1763 Φαιά-

955 1787 1028 1807 κων
1063 1772 1214 1818 λέγοντα
1250 1774 1356 1816 (205,
1388 1775 1510 1818 2051),
1552 1773 1649 1810 εἶναι
1672 1774 1762 1816 τούς

958 1821 1125 1860 Φαίακας
1155 1822 1257 1855 θεῶν
1296 1818 1403 1865 ἐγγύς
1433 1821 1628 1864 (cognatos
1657 1821 1762 1864 diis),

954 1864 1074 1910 ὥσπερ
1100 1866 1308 1906 Κύκλωπας
1341 1881 1372 1900 κ.
1403 1865 1445 1901 τὸ
1471 1866 1661 1911 Γιγάντων
1696 1866 1761 1902 ἔθ-

954 1927 1032 1956 νος.
1076 1913 1114 1948 ἕν
1156 1927 1195 1949 τε
1226 1910 1295 1949 οὖν
1329 1911 1478 1954 τούτοις
1519 1915 1627 1958 δηλοῖ
1665 1915 1762 1958 θνη-

953 1963 1045 2000 τούς
1070 1958 1181 2000 ὄντας
1204 1974 1236 1994 κ.
1262 1957 1310 1994 ου’
1326 1963 1435 1994 θεῖον
1458 1959 1564 2005 γένος
1585 1958 1673 2002 τούς
1690 1965 1759 2003 Γί-

953 2021 1102 2053 γαντας,
1134 2007 1198 2042 καὶ
1231 2006 1455 2051 σαφέστερον
1489 2005 1529 2042 ἐν
1556 2007 1652 2053 τῷδε
1688 2009 1761 2044 ἔτι·

951 2055 998 2096 ὅς
1021 2053 1140 2090 ποθ’
1173 2052 1503 2096 ὑπερθύμοισι
1527 2072 1572 2078 -
1598 2051 1758 2096 αύτός.

949 2102 1121 2138 ἐθέλουσι
1146 2098 1186 2135 δ’
1212 2099 1313 2144 αὐτῷ
1336 2098 1448 2139 λαός
1471 2097 1511 2133 ἐν
1533 2102 1613 2140 τοῖς
1637 2099 1759 2136 ἔπεσιν

950 2147 1147 2192 ἄνθρωποι
1173 2147 1209 2181 οἱ
1229 2146 1356 2181 πολλοὶ
1380 2147 1585 2179 καλεῖσθαι.
1620 2153 1657 2180 nt
1676 2148 1759 2181 deos

949 2194 1157 2230 immortales
1199 2205 1241 2226 ne
1275 2197 1394 2238 postea
1429 2192 1564 2237 quidem
1600 2192 1760 2228 dixerunt

952 2243 1148 2285 Gigantes,
1181 2239 1240 2272 sed
1276 2240 1436 2283 γηγενεῖς
1467 2238 1659 2283 (Aristoph.
1690 2241 1758 2275 Av,

951 2290 1031 2328 789,
1064 2286 1185 2330 Eurip.
1224 2285 1354 2318 Phoen.
1390 2285 1454 2318 125
1487 2285 1592 2326 ete),
1630 2287 1761 2320 Terrae

941 2335 1060 2379 filios3
1093 2342 1232 2376 quorum
1261 2336 1389 2374 patrem
1415 2341 1488 2363 cum
1507 2330 1640 2372 fingunt
1668 2332 1759 2366 Coe-

934 2380 1037 2421 ·lum,
1081 2378 1260 2420 indigenas
1302 2376 1466 2420 quosdam
1506 2377 1759 2421 antiquissimos

951 2425 1148 2470 siguificare
1171 2423 1344 2463 videntur,
1379 2422 1499 2466 quaUes
1523 2422 1661 2457 fuerunt
1691 2424 1759 2457 Gi-

952 2476 1073 2516 gantes
1098 2469 1169 2510 illi,
1207 2480 1291 2512 quos
1316 2467 1400 2500 dicit
1424 2468 1539 2501 Moses
1563 2470 1691 2504 Genes.
1724 2472 1760 2509 6,

948 2520 982 2554 4.
1008 2530 1042 2551 v,
1066 2516 1112 2556 Ν,
1141 2514 1318 2557 Montbel„
1342 2514 1457 2559 Heyn.
1480 2525 1559 2548 ann.
1584 2517 1628 2549 ad
1652 2516 1760 2560 Apol-

948 2564 1016 2599 lod.
1044 2565 1074 2604 1,
1100 2562 1122 2595 6
1147 2566 1213 2595 etc.

995 2612 1051 2645 60.
1100 2608 1168 2641 H.:
1205 2601 1304 2640 ἀλλ’
1340 2602 1359 2640 ὃ
1395 2602 1483 2647 μὲν
1516 2603 1756 2642 ὤλεσελα-

951 2654 1013 2692 όν.
1037 2652 1098 2691 ὅτε
1131 2651 1283 2696 ἐμάχετο
1317 2650 1410 2695 μετὰ
1442 2650 1511 2686 τοῦ
1536 2651 1648 2694 Διὸς,
1673 2649 1757 2696 ἤτοι

950 2700 1040 2747 μετὰ
1069 2700 1244 2746 βασιλέως
1268 2695 1378 2738 τινός.
1413 2697 1579 2731 excidisse
1603 2699 1757 2733 arbitror

951 2760 1106 2788 versum,
1140 2759 1205 2791 quo
1234 2745 1386 2785 diceret,
1419 2744 1456 2777 id
1481 2745 1647 2788 quomodo
1673 2757 1755 2779 eve-

954 2795 1071 2828 nisset.
1117 2795 1170 2827 vel
1209 2801 1372 2836 ponamus
1407 2787 1622 2830 ἀτάσθαλος
1653 2803 1755 2825 sensu

952 2839 1108 2875 adverbii
1134 2839 1280 2883 (Matth.
1313 2839 1346 2878 ἓ.
1370 2834 1451 2875 446,
1475 2837 1540 2879 8.),
1575 2837 1630 2871 vel
1655 2839 1758 2872 etiam

952 2885 1152 2921 ἀτάσθαλα
1185 2896 1246 2932 pro
1285 2879 1528 2922 ἆτασθάλως,
1568 2879 1651 2928 ᾗσιν
1669 2881 1758 2919 ἆτα-

952 2935 1169 2976 σθαλίησιν,
1203 2935 1382 2972 utrumque
1415 2928 1601 2962 mutatione
1633 2931 1758 2964 faciffi—

951 2992 1014 3014 nm.
1041 2971 1133 3013 certe
1155 2975 1356 3023 perspicuus
1375 2985 1451 3008 esse
1467 2974 1554 3008 solet
1567 2976 1679 3018 Hom„
1704 2977 1758 3011 vel

951 3038 1058 3072 usque
1083 3026 1126 3060 ad
1152 3024 1294 3065 vitium,
1321 3032 1386 3055 uon
1409 3024 1520 3056 autem
1545 3022 1723 3058 obscurus

1844 1410 1850 1487 ,ἰ

1844 1495 1848 1581 ,ἑ

1843 1595 1847 1661 ε
