1856 3282
168 156 250 196 158

784 156 1171 199 ΟΜΗΡΟΥ

330 265 455 320 ἡμῖν,
487 262 645 307 οὕνεκα
657 265 835 334 πομποὶ
864 263 1081 319 ἀπήμονές
1111 266 1225 321 εἶμεν
1254 266 1482 314 ἁπάντων]

225 325 301 366 175
335 325 415 376 φῆ
424 321 524 363 ποτὲ
554 319 758 392 Φαιήκων
786 319 958 373 ἀνδρῶν
985 324 1238 375 περικαλλέα
1265 327 1363 379 νῆα,

334 378 378 420 ἐκ
407 380 579 432 πομπῆς
605 376 836 427 ἀνιοῦσαν,
866 377 912 419 ἐν
939 375 1146 432 ἠεροειδέϊ
1171 376 1313 437 πόντῳ

333 433 604 486 ῥαισέμεναι,
633 433 741 503 μέγα
770 432 809 475 δ’
838 434 943 501 ἡμιν
972 433 1077 487 ὅρος
1104 432 1225 476 πόλει
1253 423 1582 490 ἀμφικαλύψειν.

332 488 390 538 ὡς
416 488 593 559 ἀγόρειζ
624 487 648 532 ὁ
654 488 841 559 γέρων·
867 488 920 531 τὰ
949 489 995 532 δὲ
1023 489 1075 545 δή
1105 493 1189 532 νῦν
1217 491 1357 534 πάντα
1383 497 1578 537 τελεῖται.

332 542 427 587 ἀλλ’
456 543 602 598 ἄγεθ’,
633 561 691 594 ως
720 543 774 586 οὶν
801 543 914 599 ἐγών
941 547 1069 599 είπω,
1099 544 1351 599 πειθώμεθα
1377 547 1554 599 πάντες·

221 607 299 648 180
328 604 501 671 πομπῆς
529 600 607 655 μὲν
634 599 858 643 παύσασθε
887 603 1083 655 βροτῶν,
1114 601 1183 645 ὅτε
1210 601 1284 644 κέν
1313 619 1376 653 τις
1405 604 1545 660 ἵκηται

328 656 537 711 ἡμέτερον
564 657 690 711 προτὶ
720 655 847 699 άστυ·
884 655 1155 700 Ποσειδάωνι
1184 657 1230 700 δὲ
1238 657 1447 727 ταύρους

329 712 496 756 δώδεκα
523 713 804 768 κεκριμένους
833 714 1102 781 ἱερεύσομεν,
1133 714 1184 755 αἵ
1204 711 1250 756 κ’
1279 712 1441 782 ἐλεήσῃ,

328 768 431 825 μηδ’
461 769 565 825 ημῖν
591 770 820 824 περίμηκες
851 769 954 823 ὄρος
981 768 1100 813 πόλει
1130 767 1431 826 ἀμφικαλύψῃ.
1442 774 1468 795 “

594 870 733 915 placant
755 870 930 904 Phaeaces
952 870 1148 915 Neptunum
1171 870 1349 908 sacrificio.

390 936 474 986 Ὠς
503 934 638 1005 ε’φιθ’
652 950 662 961 ·

691 937 734 978 οἱ
765 934 807 978 δ’
837 936 1054 988 εδδεισαν,
1084 936 1392 992 ἑτοιμάσσαντο
1422 937 1469 981 δὲ
1494 938 1695 995 ταύρους.

221 998 298 1040 185
329 994 386 1042 ὥς
416 994 459 1034 οἱ
486 993 563 1047 μέν
593 989 638 1044 ῥ’
670 991 845 1061 εὔχοντο
875 992 1145 1036 Ποσειδάωνι
1175 993 1326 1038 ἄνακτι

333 1048 472 1115 δήμου
503 1047 708 1102 Φαιήκων
735 1045 941 1116 ἡγήτορες
969 1047 1044 1105 η’δὲ
1070 1049 1284 1105 μέδοντες,

329 1103 524 1156 ἑσταότες
552 1104 650 1159 περὶ
678 1103 841 1160 βωμόν.

378 1206 556 1242 Minervae
579 1205 718 1241 consilio
735 1205 879 1251 Ulysses
901 1207 1116 1252 experrectus
1140 1205 1284 1251 patriam
1306 1217 1400 1241 suam
1422 1206 1510 1242 haud
1534 1209 1700 1253 agnoscit.

869 1273 918 1316 ‘O
948 1272 993 1317 δ’
1024 1273 1190 1328 ε’γρετο,
1222 1274 1316 1324 δῖος
1341 1273 1583 1328 Ὀδυσσεύς,

324 1331 468 1375 εὕδων
497 1331 544 1374 ἓν
567 1330 674 1401 γαίῃ
703 1332 931 1400 πατρωῖῃ,
950 1328 1052 1374 ου’δέ
1081 1345 1170 1399 μιν
1183 1329 1305 1385 ε’γνω,

324 1387 408 1444 ἤδη
437 1387 521 1457 δήν
551 1386 720 1430 άπειόν·
752 1388 851 1441 περὶ
879 1385 961 1442 γάρ
991 1386 1096 1437 θεὸς
1122 1384 1229 1455 ήέρα
1256 1389 1364 1442 χεῦε,

215 1451 293 1493 190
323 1444 504 1495 Παλλάς
529 1442 756 1514 Ἀθηναίῃ,
785 1442 924 1499 κούρη
952 1442 1088 1493 Διὸς,
1121 1442 1240 1512 ὄφρα
1269 1459 1344 1496 μιν
1376 1439 1513 1485 αὐτόν

322 1501 550 1571 άγνωστον
578 1500 784 1553 τεύξειεν,
816 1498 971 1543 ἕκαστά
999 1515 1044 1542 τε
1072 1497 1332 1554 μυθήσαιτο,

325 1557 384 1614 μή
413 1574 485 1612 μιν
513 1557 618 1612 πρὶν
651 1557 806 1612 ἄλοχος
835 1558 981 1625 γνοίη,
1014 1553 1136 1597 ἀστοί
1164 1570 1228 1601 τε,
1260 1557 1382 1609 φίλοι
1409 1568 1467 1604 τε,

325 1615 428 1668 πρὶν
456 1618 601 1657 πᾶσαν
630 1617 878 1683 μνηστῆρας
905 1611 1175 1681 ὑπερβασίην
1204 1609 1421 1653 ἀποτῖσαι.

281 1675 302 1697 *
329 1669 502 1715 τοῦνεκ’
532 1669 608 1726 ἄρ’
637 1668 858 1713 ἀλλοειδέα
888 1670 1141 1725 φαινέσκετο
1170 1666 1312 1710 πάντα
1340 1666 1509 1717 ἄνακτι,

158 1797 225 1832 565
246 1799 313 1831 etc.
341 1815 388 1821 —
423 1796 494 1830 Αιιι.
521 1795 589 1836 Q.:
628 1792 810 1838 πομποὶ
846 1789 956 1850 άπή-

157 1855 307 1900 μονες
348 1839 406 1877 ότι
438 1842 501 1876 καὶ
534 1853 608 1875 των
639 1839 690 1884 μή
725 1840 846 1882 (scrib.
857 1837 954 1895 μὲν)

158 1887 321 1932 ἀναξίων
345 1886 551 1932 ἀπήμονες,
586 1885 636 1930 μή
668 1886 795 1925 ἐῶντες
819 1882 957 1926 αύτούς

157 1936 418 1992 πημαίνεσθαι.
458 1935 504 1968 cf.
527 1931 580 1975 θ’,
605 1933 726 1967 563-
737 1933 817 1967 569.

203 1984 281 2017 178.
327 1979 374 2015 τοὶ
405 1978 445 2015 δὲ
477 1979 524 2024 δὴ
549 1979 617 2014 νῦν
646 1977 768 2013 πάντα
790 1979 955 2018 τελεῖται,

157 2032 191 2062 et
214 2028 296 2061 haec
311 2028 390 2070 jam
414 2028 528 2060 omnia
551 2024 720 2060 eveniunt.
755 2024 804 2057 ita
828 2028 863 2057 et
878 2024 911 2056 h.
931 2023 953 2056 l.

156 2072 279 2128 scripsi
304 2077 340 2107 et
358 2072 572 2106 scribendum
593 2069 742 2104 arbitror
766 2069 811 2114 β’,
833 2071 896 2104 176
920 2073 956 2102 et

197 2120 316 2162 ,3Ο2,
350 2118 626 2164 quemadmodum
652 2113 700 2157 σ’,
723 2117 810 2157 270,
846 2115 885 2149 ΙΙ.
910 2113 956 2171 β’,

156 2166 226 2200 330
249 2171 285 2198 et
307 2163 348 2208 ξ,
350 2132 429 2199 q.48
461 2164 584 2209 legitur
608 2173 670 2207 per
695 2161 887 2216 asyndeton
909 2159 956 2194 τὰ

156 2210 205 2256 δή
229 2212 358 2246 νῦνπ.
390 2213 460 2246 τελ.
508 2210 631 2253 vulgo·
666 2205 754 2241 τάδε
790 2205 836 2252 δὴ
864 2219 895 2241 ν.
919 2219 956 2240 π.

156 2271 189 2292 τ.
202 2258 307 2298 ‚sed
339 2254 429 2291 τάδε
461 2262 514 2290 est
535 2253 752 2289 monstrantis
776 2264 835 2293 ea,
869 2264 957 2296 quae

157 2308 236 2337 sunt
267 2303 301 2336 in
332 2308 540 2357 conspectu,
575 2311 647 2333 cum
672 2299 834 2332 Alcinous
864 2299 958 2331 dicat

157 2355 275 2384 vetera
300 2349 410 2393 patris
445 2347 620 2381 vaticinia.
665 2357 711 2378 τα
742 2357 804 2390 pro
840 2345 959 2379 ταῦτα

158 2396 306 2430 Homero
340 2400 409 2429 tam
441 2394 601 2428 usitatum
636 2395 689 2425 est
731 2402 831 2435 quam
866 2390 960 2436 quod

157 2443 313 2478 maxime.

204 2489 282 2524 179.
368 2485 491 2527 ,,213
515 2481 716 2526 11.β,139
742 2486 808 2516 etc

205 2535 323 2570 182-
335 2531 412 2567 184.
460 2530 760 2573 ἱερεύσομεν,
786 2525 957 2570 ἱερεύσω-

157 2593 235 2626 μεν.
253 2598 297 2605 ——
321 2574 498 2623 μηδ’-
517 2572 841 2620 ἀμφικαλύψῃ.
875 2586 955 2620 spe-

157 2631 213 2662 rat
234 2626 333 2666 fore,
359 2629 398 2658 ut
421 2623 649 2676 deprecentur
672 2621 888 2664 Neptunum,
913 2631 955 2653 ne

158 2674 194 2708 id
212 2672 334 2706 faciat:
361 2681 444 2714 ergo
463 2680 527 2703 non
548 2667 650 2709 fecit3
673 2667 814 2700 fecisset
833 2671 956 2708 autem,

159 2720 189 2753 si
220 2718 256 2751 id
288 2716 355 2762 ipsi
390 2727 524 2760 quoque
553 2713 630 2748 Jovi
670 2712 866 2757 placuisset.
914 2722 956 2744 ex

160 2765 225 2798 hoc
250 2764 303 2797 vel
320 2761 461 2796 maxime
483 2761 599 2795 malam
624 2760 722 2793 fidem
739 2769 855 2791 versus
880 2758 955 2792 158.

160 2809 344 2853 intelligas.
372 2826 416 2832 —-
455 2804 817 2861 ἑτοιμάσσαντο,
849 2814 957 2847 para-

161 2861 303 2896 verunt,
326 2854 550 2888 adduxerunt.
586 2852 627 2886 ΙΙ.
651 2849 699 2892 α’,
726 2851 790 2886 118
810 2856 877 2884 etc.

209 2903 285 2937 186.
332 2901 376 2935 cf.
401 2899 447 2944 η’,
474 2900 538 2933 186
562 2903 630 2932 etc.

209 2947 414 2981 189-193.
458 2944 561 2988 περὶ
585 2963 629 2969 -
653 2955 771 2988 χενε.
803 2941 956 2976 nebulam

163 2991 228 3026 dea
257 2990 471 3028 circumfudit
493 2996 626 3033 terrae,
659 3001 725 3024 non
750 2987 887 3034 Ul)ssi‚
919 2990 957 3020 ut

1000 1791 1137 1845 quidam
1152 1793 1284 1836 putant.
1317 1791 1388 1825 vult
1404 1789 1502 1834 enim,
1525 1790 1674 1826 nondum
1688 1802 1797 1837 agno-

1000 1850 1096 1872 scere
1120 1837 1210 1870 illum
1235 1837 1393 1882 patriam,
1418 1849 1473 1879 ne,
1496 1830 1727 1872 consiliorum
1731 1851 1795 1873 ne-

1001 1883 1221 1917 cessariorum
1246 1883 1370 1916 oblitus
1402 1894 1488 1928 prae
1510 1883 1633 1926 gaudio
1665 1884 1798 1919 domum

1000 1933 1163 1982 properet
1184 1929 1227 1961 ad
1251 1940 1388 1963 uxorem
1420 1934 1456 1963 et
1478 1930 1605 1970 filium,
1635 1929 1752 1984 itaque
1774 1942 1796 1965 a

999 1974 1112 2019 procis
1129 1974 1351 2028 opprimatur.
1384 1974 1462 2008 hinc
1480 1974 1589 2009 omnia
1607 1986 1694 2009 nunc
1720 1974 1794 2011 viro

1000 2020 1162 2057 videntur
1186 2016 1374 2055 ἀλλοειδέα
1390 2020 1514 2065 (194):
1539 2032 1646 2078 quare
1668 2022 1797 2056 lamen-

1000 2070 1104 2099 tatur.
1152 2071 1230 2125 post
1263 2072 1373 2100 autem
1412 2067 1490 2102 352.
1530 2065 1603 2102 θεοὶ
1643 2066 1794 2102 πέδαις’

1002 2109 1108 2169 ᾇέραζι
1113 2111 1286 2146 εἴσατο
1313 2111 1362 2147 δὲ
1385 2109 1535 2168 χθών·
1559 2110 1734 2158 Γήθησὲν
1756 2110 1797 2148 τ’

1002 2155 1066 2211 ᾅρ’
1090 2155 1212 2192 ἔπειτα
1231 2163 1297 2192 etc.
1323 2176 1368 2183 --
1407 2170 1488 2200 αγν
1501 2169 1588 2194 ωστ
1600 2172 1660 2196 ον
1705 2163 1800 2195 recte

1001 2204 1163 2248 ignarum
1172 2204 1420 2248 interpretatur
1430 2203 1602 2247 Dacieria‚
1619 2216 1684 2239 non
1692 2205 1801 2260 igno-

1002 2254 1098 2294 tum,
1124 2254 1162 2282 ut
1186 2249 1331 2283 inferius
1353 2250 1452 2291 397„
1476 2262 1540 2295 quo
1564 2262 1665 2285 sensu
1689 2250 1802 2303 accipi

1002 2295 1090 2328 solet
1112 2306 1198 2335 voX,
1223 2295 1402 2329 usitatiore
1420 2274 1477 2329 illo
1502 2296 1658 2341 quidem3
1681 2296 1751 2339 sed
1766 2307 1800 2331 v.

1005 2351 1083 2374 ann.
1107 2338 1225 2383 ad6',
1249 2341 1337 2383 494,
1369 2339 1504 2385 μ’,62.
1525 2361 1571 2368 -
1611 2343 1659 2376 Ε·
1693 2341 1734 2377 τὸ
1759 2339 1800 2378 δὲ

1005 2399 1053 2421 εκ
1064 2399 1088 2421 α
1100 2397 1182 2421 στα
1204 2389 1309 2430 μυθ.
1333 2387 1414 2432 περὶ
1430 2388 1493 2432 τῆς
1508 2387 1678 2444 γυναικὸς
1694 2387 1805 2433 λέγει,

1003 2445 1036 2468 κ.
1060 2445 1134 2468 των
1156 2431 1391 2489 μνηστήρων,
1413 2446 1444 2468 κ.
1469 2435 1538 2469 τοῦ
1545 2433 1741 2490 συβώτου,
1765 2448 1800 2471 κ.

1003 2478 1075 2514 τοῦ
1105 2477 1342 2524 Τηλεμάχου,
1372 2493 1404 2515 κ.
1437 2477 1506 2516 ὅσοι
1536 2477 1627 2516 ἄλλα
1657 2479 1696 2516 ἒν
1720 2483 1800 2522 τοῖς

1005 2525 1088 2571 ἑξῆς
1107 2526 1374 2582 προεκθετικῶς
1403 2538 1434 2559 κ.
1464 2526 1704 2584 οἰκονομικῶς
1724 2527 1803 2571 ἐρεῖ

1000 2584 1039 2607 τε
1061 2584 1094 2606 κ.
1118 2569 1262 2615 ποιήσει
1290 2569 1312 2616 ἡ
1335 2571 1476 2662 μγυθικὴ
1501 2571 1638 2618 Ἀθηνᾶ
1661 2578 1728 2607 etc.
1751 2592 1797 2598 —

1000 2614 1311 2663 ὑπερβασίην.
1392 2620 1497 2659 ,206
1520 2625 1585 2654 etc.
1634 2618 1796 2653 Germani

1002 2676 1087 2698 voce
1123 2664 1221 2697 s3mili
1255 2669 1431 2709 peccatum
1465 2663 1582 2699 dicunt
1619 2666 1797 2701 Uebertre-

1001 2716 1102 2755 tang.
1126 2728 1171 2734 —-
1209 2709 1452 2744 αποτῖσαι
1485 2709 1523 2753 ε’,
1547 2711 1592 2745 24
1615 2716 1681 2744 etc.

1050 2756 1126 2791 194.
1175 2757 1212 2789 Α.
1243 2758 1295 2792 3·
1337 2736 1523 2791 ἄλλοἰδέα
1538 2757 1582 2790 ab
1614 2754 1798 2801 ἅλλοϊδὴς,

1003 2803 1098 2846 cujus
1130 2801 1238 2835 simile
1261 2808 1314 2835 est
1345 2800 1453 2855 αἰδὴς
1485 2803 1575 2847 apud
1602 2801 1797 2844 Hesiodum,

1003 2847 1158 2891 dixitque
1181 2848 1297 2881 eodem
1319 2848 1414 2882 modo
1438 2848 1511 2892 ipse
1534 2847 1633 2881 Hom.
1656 2845 1800 2893 βαθέης

1030 2903 1066 2926 ro
1076 2894 1233 2938 βαθειης
1244 2894 1283 2926 ΙΙ.
1296 2892 1334 2933 ε’,
1348 2894 1424 2928 142.
1440 2894 1575 2939 aliaque
1587 2894 1820 2938 hujuscemoe·
1854 2902 1856 2925 3

1003 2905 1057 2981 31,
1083 2939 1289 2984 liquescente
1314 2939 1546 2985 diphthong03
1584 2940 1800 2994 quemadmo-
1855 2944 1856 2953 ¹

1003 2963 1079 3018 duin
1103 2989 1140 3020 et
1159 2984 1313 3030 θεοιδὴς
1335 2996 1397 3031 pro
1416 2983 1592 3029 θεοειδὴς
1614 2984 1680 3020 dici
1700 2994 1799 3030 posse
1855 2982 1856 3008 ἶ
