1856 3282
123 143 211 185 256

402 245 423 266 ¹&
471 246 489 265 R

344 291 532 326 Demodoci
556 295 676 325 cantus
700 291 744 325 de
767 290 940 325 amoribus
963 289 1089 324 Martis
1115 294 1151 323 et
1175 289 1332 324 Veneris.

369 357 528 413 Αὐτὰρ
557 357 582 402 ὁ
615 359 841 413 φορμίζων
874 356 1134 429 ἀνεβάλλετο
1164 356 1303 400 καλᾶν
1332 355 1493 400 οέείδειν

244 417 268 440 *
297 413 412 484 ἀμφ’
431 414 585 468 ’Ἄρεος
615 416 847 470 φιλότητος
875 412 1149 468 ἐϋστεφάνου
1178 411 1222 456 τ’
1250 411 1520 468 Ἀφροδίτης,

296 470 356 520 ὥς
384 470 436 514 τὰ
466 475 620 526 πρῶτα
650 473 837 542 μίγησαν
868 470 915 513 ἐν
940 469 1199 540 ‘Hrpoct'tnocp
1230 469 1406 524 δόμοισι

288 526 454 598 λάθρη.
502 526 640 571 πολλοὶ
671 526 717 570 δ’
747 527 907 578 ἔδωκε,
937 527 1061 582 λέχος
1091 524 1133 569 6'
1153 524 1324 596 jy'o'xvve
1352 525 1427 569 καὶ
1455 523 1590 582 εὕνην

842 583 966 638 ἄφαρ
997 583 1044 626 δέ
1073 584 1116 625 οἱ
1146 581 1324 650 ἅγγελος
1351 579 1488 636 ἦλθεν

247 643 266 664 *
282 639 463 692 Ἠλιος,
495 640 521 683 ὅ
552 638 630 690 σφ’
660 639 814 709 ἐνόησε
843 639 1163 695 μιγαζομένους
1192 637 1403 705 φιλότ.ητι

279 696 529 750 ’Ἠφαιστος
560 695 604 740 δ’
635 694 696 748 ὥς
725 698 808 739 οὐν
837 697 1065 764 θυμαλγέα
1095 699 1245 751 μῦθον
1275 693 1452 747 ἄκουσε,

294 756 350 808 βῆ
381 753 424 808 ῥ’
455 755 555 807 ἰ’μεν
584 753 627 803 ἐς
659 756 906 808 χαλκεωνα,
934 751 1049 796 κακὰ
1079 752 1207 807 φρεσὶ
1235 749 1596 820 βυσσοδομεύων,

291 810 339 853 ἐν
370 809 408 853 6'
441 808 557 853 ἔθετ’
589 809 820 868 ἀκμοθέτῳ
851 809 988 866 μέγαν
1017 808 1214 864 ἄκμονα,
1243 807 1378 851 κόπτε
1406 807 1454 851 δὲ
1482 804 1671 862 δεσμούς

181 589 264 628 270
288 582 548 638 Ἡφαίστοιο
580 583 780 634 ἄνακτος

121 932 251 967 tienter
283 933 425 967 ferrent.
472 932 651 967 Platonem
684 938 796 967 autem
823 933 930 967 Polit-

120 980 154 1014 3.
185 991 221 1024 p.
244 979 334 1021 390,
363 979 403 1012 C.
440 984 477 1012 et
513 978 731 1024 philosophos
765 979 933 1023 ejusmodi

121 1029 255 1069 mJthos
281 1035 394 1058 omnes
420 1025 589 1068 rejicere,
623 1030 784 1069 tanquam
804 1025 932 1069 impro-

120 1071 182 1104 bos
219 1076 255 1103 et
290 1071 501 1112 obscoenos,
545 1077 808 1105 consentaneum
851 1071 930 1107 fuit.

119 1127 264 1161 quorum
288 1117 575 1161 philosophorum,
599 1117 813 1161 antiquitatis
829 1117 931 1162 igna-

119 1173 260 1199 torum,
303 1173 369 1194 non
404 1162 511 1205 magis
549 1163 705 1195 habenda
747 1163 836 1196 ratio
877 1167 931 1196 est

121 1219 222 1251 quam
247 1207 443 1240 Heraclidis
467 1207 603 1240 Pontici
627 1214 662 1240 et
682 1208 846 1249 aliorum,
871 1208 930 1252 qui

118 1255 207 1287 hanc
241 1253 389 1286 fabulam
421 1253 605 1296 allegorice
636 1260 822 1297 exponunt.
863 1254 932 1286 ite—

119 1311 192 1332 rum
218 1298 318 1331 dico:
343 1298 451 1331 nativi
476 1303 554 1331 sunt
579 1310 689 1332 mores
715 1299 790 1332 aevi
816 1299 931 1332 heroi-

119 1345 171 1385 ci,
196 1356 258 1377 nec
284 1345 328 1378 ad
351 1356 527 1378 censuram
551 1344 717 1378 seriorum
742 1350 930 1398 temporum

119 1390 318 1423 revocandi.
346 1399 529 1436 praeterea
549 1391 724 1424 libe1iores
742 1402 857 1424 sumus
878 1391 930 1424 in-

117 1445 173 1469 ter
206 1437 353 1490 pocula,
386 1448 448 1470 nec
473 1437 664 1470 Phaeacum
700 1437 836 1480 regina,
869 1449 931 1481 po-

118 1480 192 1526 puli
216 1482 349 1515 minime
379 1482 515 1524 severi,
552 1489 613 1516 aut
644 1484 717 1526 ejus
741 1483 810 1516 filia
835 1483 930 1516 fron-

118 1537 187 1562 tem
211 1528 422 1561 contraxisse
446 1529 620 1572 putandae
643 1534 733 1569 sunt,
764 1540 839 1562 cum
871 1541 931 1562 au—

118 1574 233 1607 dirent
268 1585 387 1607 versus
424 1574 600 1607 Homerici
634 1575 749 1618 plenos
786 1574 930 1618 spiritus

119 1625 156 1653 et
179 1619 317 1664 leporis.
356 1620 693 1663 (cf.Vi1·g.Ge0rg
739 1619 778 1660 4,
805 1621 929 1654 345—

118 1667 216 1709 843.)
250 1666 425 1709 multoque
451 1665 553 1698 etiam
578 1666 685 1698 minus
710 1666 795 1699 haec
821 1666 928 1710 perti-

118 1716 201 1744 nent
226 1712 269 1744 ad
295 1712 398 1744 fidem
424 1711 635 1755 Penelopae,
660 1712 702 1744 ab
728 1711 816 1745 omni
843 1724 924 1745 con-

117 1759 258 1802 tagione
292 1756 420 1800 flagitii
445 1757 702 1798 abstinendam‚
739 1764 799 1790 aut
821 1758 925 1800 puni-

118 1804 245 1836 tionem
280 1803 476 1836 ancillarum
509 1802 665 1847 Ulesis‚
706 1803 925 1847 quemadmo-

118 1850 196 1882 dum
221 1854 256 1882 et
282 1849 337 1882 hic
363 1852 465 1893 potita
491 1851 627 1892 punitos
648 1855 767 1882 narrat
791 1849 925 1882 adulte-

117 1905 185 1928 rOS.
226 1900 262 1928 at
293 1896 401 1928 verba
426 1894 590 1939 quaedam
623 1894 656 1927 in
683 1895 775 1927 hisce
799 1894 924 1939 depre-

117 1940 255 1981 hendit,
281 1946 342 1974 aut
366 1940 624 1985 deprehendere
649 1940 715 1973 sibi
741 1941 834 1973 visus
859 1948 922 1984 est,

117 1987 157 2020 P.
183 1986 391 2030 Knightius‚
416 1986 539 2030 quibus
567 1987 651 2019 alias
676 1986 826 2019 abstinet
850 1988 925 2020 Ho-

116 2043 240 2066 merus.
288 2032 422 2065 scilicet
446 2032 502 2065 hic
526 2038 657 2065 tantum
683 2032 772 2065 dixit
794 2030 925 2076 μοιχοὶ-

114 2091 199 2122 γρια
233 2083 268 2111 et
303 2076 455 2122 ἐγγύην,
491 2077 573 2122 quia
605 2078 660 2111 hic
682 2084 813 2112 tantum
838 2079 926 2112 istae

115 2136 171 2158 res
196 2130 346 2167 aguntur
378 2125 413 2158 in
447 2129 595 2168 utroque
621 2124 780 2158 carmine.
822 2126 925 2159 semel

116 2181 253 2215 quoque
288 2170 374 2203 dixit
400 2169 539 2213 Πάφον
574 2175 609 2204 et
631 2170 852 2214 μιγάζομαι,
885 2176 925 2204 ut

115 2221 168 2250 tot
203 2215 269 2248 alia
300 2217 418 2252 verba.
451 2216 559 2272 quod
601 2227 685 2249 vero
719 2216 843 2249 attinet
879 2217 921 2250 ad

115 2263 242 2295 formas
267 2262 436 2295 nominum
451 2260 545 2304 ‘Apu
571 2266 606 2294 et
621 2259 789 2317 Ερμῆς,
797 2262 926 2296 fallitur

116 2307 170 2341 vir
195 2307 334 2350 doctus,
372 2315 410 2341 ut
434 2319 520 2352 quas
547 2307 621 2352 plus
653 2309 754 2342 semel
779 2307 924 2342 inveniri

115 2353 205 2407 apud
232 2355 322 2387 hunc
343 2361 494 2387 nostrum
512 2353 637 2388 doceat
655 2355 818 2388 seberus.
863 2355 925 2389 de-

115 2400 219 2444 nique
251 2400 318 2432 ista
349 2399 428 2435 270.
453 2397 604 2441 Ἠλιος,
643 2397 663 2434 ὅ
697 2398 764 2443 σφ’
798 2399 924 2457 ἐνόησε

115 2445 185 2486 sic,
211 2445 354 2490 opinor,
379 2445 562 2479 scribenda
585 2450 682 2479 sunt:
717 2445 877 2488 Ἠέλιος,
902 2443 923 2482 ὃ

114 2489 236 2534 νόησε.
286 2503 374 2535 quae
406 2503 480 2525 cum
511 2492 562 2524 ita
592 2492 685 2534 sint,
718 2493 837 2537 quidni
862 2505 923 2538 pa-

115 2537 239 2571 tiamur
267 2537 350 2570 deos
374 2537 488 2571 ridere
513 2537 659 2571 Martem
685 2543 720 2572 et
747 2539 924 2582 Venerem,

115 2583 262 2616 Vulcani
287 2589 362 2616 arte
387 2583 563 2623 irretitos,
588 2583 678 2616 sicut
702 2585 810 2629 ipsum
839 2585 925 2618 Vul-

117 2640 235 2664 canum
275 2629 390 2662 rident
430 2629 706 2663 claudicantem?
750 2631 815 2663 nisi
850 2631 924 2675 quis

115 2675 206 2708 sorte
231 2679 303 2716 est,
338 2674 395 2719 qui
421 2686 462 2708 ne
496 2674 531 2708 id
557 2675 690 2719 quidem
721 2677 812 2710 sinat
834 2676 921 2718 fieri,

115 2721 177 2754 sed
220 2721 410 2754 ridentibus
460 2721 625 2754 acclamet
665 2721 747 2755 illud
782 2722 924 2755 Satirici

117 2767 207 2800 lusco
226 2768 284 2809 qni
300 2768 407 2810 poscit
429 2767 562 2800 dicere:
589 2767 719 2800 Lusco!
743 2779 825 2801 sane
846 2779 923 2802 cen-

115 2824 193 2853 seo,
229 2813 312 2846 baec
343 2813 510 2846 servanda
542 2824 617 2847 esse
643 2824 702 2846 suo
734 2813 830 2855 loco,
862 2826 924 2848 nec

117 2858 150 2891 in
178 2859 317 2902 hymnos
342 2859 538 2902 referenda,
564 2865 602 2892 ut
627 2859 794 2903 Rnightio
821 2860 923 2893 Nitz-

116 2904 279 2948 schioque
304 2904 411 2944 visum
436 2911 508 2947 est,
541 2905 711 2958 velimque
735 2906 924 2949 generatim

116 2950 224 2982 minus
268 2961 391 2995 pronos
433 2961 510 2983 esse
543 2949 753 2996 interpretes
785 2951 926 2985 Homeri

117 2997 161 3029 ad
198 2995 456 3041 vituperandum
491 3008 553 3040 ea,
599 3008 689 3042 quae
723 3008 789 3031 non
821 2997 924 3042 illius,

758 135 1157 177 ΟΜΗΡΟΥ

978 931 1039 966 sed
1070 930 1220 977 ipsorum
1242 932 1394 966 moribus
1428 935 1533 977 atque
1563 929 1701 982 ingenio
1730 940 1788 963 re-
1822 968 1823 971 Ἴ

978 983 1146 1024 pugnant.

1024 1026 1103 1059 266.
1151 1023 1306 1058 breviter
1336 1023 1426 1058 hunc
1458 1022 1609 1067 mythum
1633 1011 1788 1056 narravit

978 1070 1126 1103 Ovidius
1158 1070 1246 1103 Met.
1281 1070 1325 1110 4,
1360 1070 1574 1105 171—189.
1598 1087 1645 1093 —
1686 1066 1788 1103 ἅνε-

976 1114 1193 1161 βάλλετο.
1219 1114 1264 1156 α’,
1288 1116 1365 1151 155.

1023 1163 1102 1196 267.
1139 1173 1259 1194 versus
1276 1159 1447 1205 ingratior
1467 1165 1611 1213 propter
1631 1160 1788 1193 homoeo·
1820 1184 1822 1206 :

977 1207 1134 1243 teleuton
1170 1212 1205 1239 et
1229 1208 1416 1239 cumulatos
1443 1205 1628 1257 genitivos.
1676 1216 1789 1249 pona-

976 1264 1050 1286 mus
1069 1250 1260 1296 φιλότητα,
1283 1256 1321 1285 ut
1339 1250 1488 1295 scriptor
1507 1249 1622 1296 hymni
1641 1249 1676 1283 in
1694 1250 1787 1284 Bac·
1818 1250 1822 1267 ³

977 1299 1073 1331 chum
1094 1300 1146 1333 1..
1173 1298 1270 1341 ἀμφι
1292 1296 1487 1331 Διώνυσον
1504 1317 1551 1322 -
1570 1294 1821 1353 Μνήσομαι,
1818 1296 1821 1311 ⁴

977 1342 1101 1400 Eurilp.
1133 1344 1265 1377 Hecub.
1291 1344 1381 1378 668:
1418 1340 1512 1387 ὄψιν
1534 1364 1580 1369 ——
1603 1341 1703 1386 ἀμφί
1734 1338 1770 1376 σ’
1774 1366 1787 1384 ,
1817 1360 1822 1402 ἱ

978 1402 1006 1422 ω
1032 1389 1160 1425 τέκνον
1184 1395 1273 1430 etc.‚
1298 1390 1354 1423 vel
1379 1389 1560 1443 quadrata:
1607 1389 1719 1423 malim
1742 1387 1786 1421 il-

976 1436 1055 1477 lud,
1090 1437 1248 1480 quoniam
1272 1447 1296 1469 α
1322 1440 1356 1469 et
1381 1448 1421 1476 ος
1455 1434 1651 1480 permisceri
1675 1434 1787 1467 solent
1818 1438 1820 1443 '

975 1481 1010 1514 in
1036 1483 1161 1522 codd.;
1188 1487 1371 1527 praeterea
1390 1481 1569 1525 φιλότητα
1591 1481 1718 1514 habent
1737 1480 1783 1513 H.
1818 1490 1819 1493 ’

976 1528 1102 1561 etSch
1123 1528 1176 1561 ed.
1194 1528 1346 1572 antiqua,
1364 1540 1462 1572 quam
1479 1527 1638 1561 adhibuit
1657 1526 1819 1560 Buttm.1

974 1593 1017 1597 —
1044 1570 1207 1616 Ἀφροδ
1223 1575 1334 1618 ίτης.
1360 1575 1547 1607 abutuntur
1569 1574 1634 1606 hoc
1650 1571 1786 1606 nomine
1816 1584 1820 1608 2

975 1618 1110 1663 quidam
1146 1619 1269 1653 Critici
1303 1620 1348 1652 ad
1382 1618 1653 1653 labefactandam
1685 1617 1786 1651 fidem

975 1666 1144 1699 ca1minis.
1193 1667 1263 1699 Am.
1291 1664 1357 1705 Q.:
1393 1685 1436 1690 -—
1463 1663 1522 1701 ὅτι
1548 1663 1587 1698 δὲ
1605 1662 1692 1707 ”Όμ.
1718 1661 1786 1707 οὐχ
1815 1680 1820 1703 1

972 1707 1102 1754 ἥδεται
1126 1709 1285 1751 τούτοις,
1310 1713 1423 1754 δῆλον
1447 1710 1484 1754 ἐξ
1510 1723 1563 1745 ων
1586 1709 1790 1753 περιέθηκε
1815 1711 1820 1758 ζ

971 1757 1016 1801 τῇ
1038 1755 1194 1814 Ἀθηνᾷ,
1232 1754 1291 1797 ὡς
1323 1756 1564 1793 ἀπόλοιτο
1597 1756 1676 1790 καὶ
1709 1756 1780 1790 ἅλ-

971 1806 1071 1844 λος,
1107 1802 1206 1842 ὅτις
1237 1803 1449 1838 τοιαῦτα
1482 1815 1530 1846 γε
1554 1801 1685 1858 ῥέζοι
1716 1799 1818 1845 (α’,.

963 1849 1043 1906 47.)
1070 1847 1163 1890 όλως
1188 1846 1245 1883 δὲ
1245 1847 1322 1891 ’.Ομ
1348 1847 1436 1884 οὐδὲ
1459 1849 1560 1885 οἶδεν
1571 1844 1783 1903 Ι’Ἡφαιστου
1814 1840 1818 1884 l

963 1892 1174 1953 Ἀφοοδίτῃ
1185 1897 1549 1950 ovvomezvffluttnn:
1574 1893 1780 1938 σύνοικον),
1815 1902 1817 1905 ’

971 1942 1105 1984 Χάριτι
1140 1941 1179 1978 ὸὲ
1206 1940 1323 1978 αὐτὸν
1349 1944 1590 1988 συμβιοῦντα.
1629 1941 1715 1976 dicit
1737 1940 1779 1975 Il.
1813 1939 1817 1953 ¹

973 1986 1015 2029 σ’,
1042 1990 1129 2030 382,
1154 1989 1212 2022 ubi
1236 2000 1271 2022 v.
1298 2000 1376 2022 ann.
1790 1989 1792 1992 '

1005 2013 1104 2075 ',269
1128 2036 1208 2069 270.
1248 2031 1471 2070 πολλάδ’
1496 2032 1665 2076 ἔδωκε,
1690 2008 1816 2067 νισι-»ι

970 2084 1008 2113 ta
1027 2081 1168 2114 donavit
1189 2081 1327 2122 Veneri,
1354 2085 1394 2114 ut
1413 2080 1543 2114 donare
1561 2081 1670 2113 solent
1686 2089 1781 2113 ama-

971 2130 1077 2160 tores.
1123 2127 1173 2160 sic
1214 2127 1257 2159 Ε.
1292 2133 1514 2172 praepostere
1547 2128 1618 2159 Am.
1651 2125 1715 2158 B.=
1754 2120 1774 2159 ὅ

961 2168 1067 2216 ’Ἄρης
1091 2172 1290 2228 μοιχάγρια
1322 2173 1459 2208 δέδωκε
1482 2170 1610 2206 πολλά.
1632 2190 1678 2195 -
1716 2168 1780 2205 λέ-

968 2230 1052 2262 χος
1076 2232 1107 2253 u.
1134 2217 1287 2263 εὐνήν.
1318 2232 1371 2260 γ,
1396 2217 1488 2253 403.
1513 2217 1568 2262 η’,
1592 2216 1672 2251 347.
1714 2216 1776 2250 Β..

971 2265 1216 2305 „abundantia
1240 2265 1374 2310 poetica
1394 2263 1510 2308 jungit
1535 2263 1635 2307 λέχος
1659 2266 1695 2296 et
1718 2258 1779 2297 sv’-

970 2309 1061 2353 νὴν,
1098 2316 1134 2344 ut
1168 2311 1344 2344 Juvenalis
1376 2312 1429 2344 6.:
1471 2311 1622 2343 alienum
1655 2308 1795 2342 lectum
1810 2318 1813 2344 1

977 2357 1162 2390 concutere
1188 2361 1291 2413 atque
1307 2357 1398 2389 sacri
1419 2356 1564 2389 Genium
1587 2359 1780 2389 contemne·
1810 2363 1813 2394 j

969 2413 1006 2435 rc
1024 2402 1165 2435 fulcrif‘
1177 2420 1221 2426 -
1244 2400 1532 2444 Ηφαίστοιο
1558 2399 1812 2446 ἄνακτος.

969 2449 1060 2489 323,
1094 2447 1133 2480 ll.
1166 2445 1292 2486 α’,36
1319 2454 1386 2482 etc.
1431 2460 1464 2483 v.
1491 2459 1570 2483 ann.
1595 2447 1641 2482 ad
1669 2446 1709 2480 11.
1735 2444 1813 2490 ξ,,’

969 2493 1049 2530 326
1074 2493 1137 2537 ψ’,
1162 2495 1242 2528 863.

1017 2540 1094 2573 271.
1143 2539 1188 2574 Η.
1215 2543 1251 2573 et
1274 2539 1374 2573 Sch..
1401 2537 1571 2575 ἐνταῦθα
1592 2535 1785 2582 τρισυλλά-

972 2586 1046 2629 βως
1068 2584 1162 2629 λέγει
1186 2583 1250 2620 τόν
1273 2586 1378 2621 θεόν.
1426 2585 1499 2620 dixi
1532 2587 1565 2619 in
1590 2583 1780 2638 superiori-

970 2632 1054 2672 bus,
1098 2631 1315 2665 scribendum
1351 2643 1426 2666 esse
1467 2643 1560 2666 more
1595 2629 1779 2664 Homerico

969 2675 1129 2718 Ἠέλιος,
1156 2675 1176 2712 ὃ
1200 2677 1321 2732 νόησε,
1344 2677 1448 2723 idque
1473 2690 1513 2712 eo
1539 2674 1777 2716 confidentius,

970 2724 1059 2768 quod
1082 2724 1173 2757 hoc'
1165 2736 1240 2768 ipso
1261 2725 1297 2756 in
1321 2723 1414 2766 loco,
1438 2725 1535 2766 302„
1556 2722 1685 2766 legitur
1707 2721 1780 2754 for-

970 2781 1024 2803 ma
1049 2781 1115 2802 non
1139 2774 1330 2803 contracta.

1017 2816 1105 2857 273,
1131 2816 1210 2850 274.
1258 2818 1330 2849 Αιιι.
1355 2815 1422 2856 Q.=
1447 2812 1494 2856 ἐς
1517 2812 1798 2866 χαλκεῶνα.

970 2861 1022 2900 εἰς
1056 2862 1098 2895 τό
1131 2865 1408 2916 χαλκοτυπεῖον.
1444 2880 1483 2886 -
1539 2857 1780 2905 χαλκήιον

971 2904 1125 2962 adpov
1148 2908 1236 2942 dixit
1255 2906 1298 2949 σ’,
1318 2909 1397 2943 328.
1416 2927 1462 2933 --
1486 2919 1544 2951 φρ
1524 2906 1624 2950 ρεσὶ
1650 2904 1813 2960 Buce-,¹¹

972 2952 1017 2995 δ,
1042 2956 1201 2989 fimeto.
1222 2973 1262 2978 -
1288 2952 1341 2988 οἰκ
1351 2954 1552 3000 marm.
1581 2952 1618 2986 u.
1643 2963 1684 2996 σ,
1699 2952 1781 2987 476.
1803 2927 1813 2985 ἰ
1851 2935 1854 2971 l

972 2979 1017 3034 cs:
1042 3014 1085 3046 y,
1110 2999 1329 3036 432—435.
1851 2991 1856 3011 ⁶
