1846 3282
0 1874 7 1924 Ἴ·
2 1792 9 1867 .-.-.ε-.

603 119 1188 163 ΟΔΤΣΣΕΙΑΣ
1247 121 1295 159 Ε.

1691 120 1772 161 18¹1

291 232 438 276 δεινόν
467 232 701 288 ἐρευγομει
704 247 778 283 ον
809 231 952 274 εἴλυτο
986 228 1033 272 δὲ
1060 225 1199 271 πάνθ’
1221 226 1328 278 ἁλός
1357 226 1503 298 ἄχνῃ),

291 288 346 333 οὐ
377 289 460 343 γὰρ
490 289 592 332 ἔσαν
618 288 808 342 λιμένες,
838 290 959 341 νηῶν
989 285 1101 340 ὄχοι,
1133 281 1230 326 οὐδ’
1263 284 1457 353 ἐπιωγαὶ,

179 347 262 391 405
292 345 389 388 ἀλλ
423 345 550 388 ἀκταὶ
578 348 818 400 προβλῆτες
848 343 972 393 ε’σαν,
1005 340 1209 389 σπιλάδες
1238 355 1305 391 τε,
1334 338 1469 408 ndype.
1497 356 1553 392 τε,

291 401 363 445 καὶ
393 399 486 445 τότ’
517 400 756 472 Ὀδυσσῆος
786 398 892 443 λύτο
921 397 1117 467 γούνατα
1144 396 1218 439 καὶ
1248 398 1382 451 φίλον
1412 397 1536 464 ἦτορ,

295 456 487 513 ὀχθήσας
520 457 566 502 δ’
597 457 684 512 ἄρα
713 462 804 501 εἰπε
831 454 944 509 πρός
974 453 1027 498 ὃν
1055 451 1327 512 μεγαλήτορα
1355 451 1532 509 θυμόν·

672 557 716 591 Ul
720 570 741 603 y
743 567 809 591 εειε
831 556 1039 592 lamentatio.

367 625 445 680 ,ζΏι
477 642 574 683 μοι,
603 622 750 695 ἐπειδὴ
779 629 910 679 γαῖαν
939 624 1097 668 ἀελπέα
1128 626 1267 667 δῶκεν
1298 622 1471 666 ἰδέσθαι

295 684 469 735 Ζεὺς,ι
470 684 541 752 tal,
541 681 612 751 δη
643 681 742 726 τόδε
777 686 936 733 λαῖτμα
965 680 1200 736 διατμήξας
1229 679 1440 733 ἐτέλεσσα,

177 742 258 786 410
289 740 463 796 ἔκβασις
493 738 610 794 οὔπῃ
640 735 824 807 φαίνεθ’
857 736 961 788 ἁλός
989 742 1161 809 πολιοῖο
1191 735 1376 790 θύραζε·

288 797 498 840 ε’κτοσθεν
525 795 605 850 μὲν
632 811 715 850 γαρ
748 791 882 848 πάγοι
912 793 1048 846 ὀξέες,
1078 793 1190 849 ἀμφὶ
1221 793 1267 836 δὲ
1297 796 1417 848 κῦμα

292 855 475 911 βέβρυχε
503 851 681 907 ῥόθιον,
711 850 836 906 λισσὴ
867 848 916 894 δ’
952 849 1225 906 ἀναδέδρομε
1256 849 1411 905 πέτρη·

118 977 268 1046 compos·
286 1001 383 1035 verb.
407 1011 484 1046 cap.
509 1000 576 1044 16,
609 1011 643 1046 p.
669 999 766 1042 192)
792 997 862 1032 cite
890 997 923 1032 le

118 1058 196 1080 vers
224 1048 304 1081 402.
329 1057 458 1081 comme
486 1058 531 1080 un
559 1046 691 1081 modffle
714 1044 924 1079 d'harmonie

118 1091 297 1127 imitative.
326 1111 372 1119 —
409 1093 440 1127 Il
480 1093 556 1126 saut
575 1103 790 1151 ³remarquer
831 1095 924 1124 cette

118 1144 282 1173 tournure
311 1137 397 1174 ποτὶ
430 1138 534 1183 ξερὸν
562 1136 753 1184 ἠπείροιο,
795 1141 865 1172 mot
903 1137 923 1169 ·“ι

119 1189 189 1218 mot
210 1190 325 1219 contre
347 1186 378 1218 le
402 1197 455 1219 sec
484 1187 531 1218 dn
551 1187 732 1219 continent.
779 1183 830 1216 Le
854 1188 925 1216 mot

119 1241 174 1263 sec
198 1237 250 1264 est
268 1231 339 1275 pris
362 1231 393 1264 ic
396 1231 407 1264 i
424 1242 510 1275 pour
525 1231 559 1264 la
581 1238 684 1271 terre,
710 1240 836 1263 comme
862 1227 925 1261 ail-

121 1276 211 1309 leurs
242 1277 275 1310 le
313 1280 382 1310 mot
414 1278 552 1310 humide
583 1283 637 1310 est
669 1276 742 1333 pris
760 1284 861 1332 pour
888 1274 925 1306 la

122 1333 206 1355 mer.
231 1323 388 1356 Souvent
408 1323 591 1356 Homkrea
612 1322 681 1356 dit:
706 1319 769 1366 ἐφ’
795 1317 926 1364 ὑγρήν,

121 1368 223 1401 surl'
252 1369 410 1401 humide.
436 1379 522 1423 pour
545 1367 604 1403 ἐπὶ
629 1367 847 1407 θάλασσαν,
870 1376 928 1398 sur

124 1416 160 1446 Ia
187 1425 270 1449 mer.
293 1415 345 1468 (v.
369 1415 407 1447 ll.
433 1412 476 1455 n',
500 1416 558 1456 27,
593 1413 644 1458 ω’,
680 1415 762 1455 341,
796 1412 927 1465 Odyss-

123 1458 170 1502 6',
195 1461 275 1501 709,
298 1457 337 1502 ε’,
357 1459 432 1504 45.)
457 1459 497 1493 L’
524 1460 722 1506 εκριεεεὶοιι
747 1461 791 1493 de
823 1455 929 1502 ξηροὶ,

123 1507 159 1539 la
176 1507 291 1548 seclus,
326 1512 380 1539 est
401 1507 583 1550 sreSquente
607 1507 691 1540 dans
723 1505 746 1538 l’
769 1504 931 1538 Ecriture

124 1563 212 1596 pour
235 1551 391 1595 signifier
419 1553 453 1585 la
472 1557 573 1585 terre.
599 1552 651 1596 (v.
677 1552 767 1586 Gen.
792 1561 868 1594 cap.
897 1549 928 1582 1.

123 1609 156 1631 v.
180 1598 215 1632 9.
234 1604 270 1631 et
294 1600 350 1640 10,
373 1597 501 1631 Matth.
525 1609 602 1642 cap.
627 1599 684 1638 23,
708 1608 742 1630 v.
771 1597 815 1630 15
839 1593 927 1637 etc.)

125 1644 152 1678 1.
154 1654 190 1676 es
206 1648 346 1677 auteurs
371 1643 447 1687 plus
472 1645 649 1678 modernes
669 1648 728 1676 ont
748 1640 840 1676 aussi
858 1651 928 1673 em-

125 1689 226 1734 ploye
249 1689 282 1722 le
305 1689 416 1734 ξηρός
439 1700 526 1734 pour
549 1689 705 1734 signifier
733 1689 766 1721 le
790 1688 927 1730 τίναξε.

124 1734 329 1791 Thucydide
362 1747 383 1769 a
417 1735 471 1770 dit
495 1735 573 1780 (lib.
581 1716 642 1791 ¹:18,
669 1737 702 1777 ἓ.
718 1734 847 1790 105)
873 1732 930 1775 εξ-

126 1779 245 1816 έωσάν
276 1793 315 1816 τε
348 1780 386 1822 ἐς
419 1781 530 1825 ξηρόν
561 1780 629 1822 τὰς
659 1782 754 1821 ναῦς
784 1780 858 1814 τῶν
879 1776 929 1813 ’Λ-

125 1827 311 1871 θηναίων,
334 1828 379 1861 ils
409 1829 551 1863 ιίνὸνεηῑ
574 1839 633 1862 sur
665 1829 697 1861 le
720 1830 845 1871 rivago
880 1827 929 1859 les

126 1874 306 1907 vaisseaux
325 1874 592 1910 (ΙοεΑτΙιόιιίεηε.
622 1874 671 1908 Et
684 1873 828 1917 virgile‚
852 1870 929 1905 imi

127 1924 204 1954 tant
220 1917 332 1962 Hom„
366 1931 387 1953 a
411 1920 463 1954 dit
486 1921 576 1955 aussi
601 1921 703 1963 (Aen.
730 1923 785 1961 10,
808 1920 928 1961 301)=

127 1966 234 1999 donec
262 1972 376 1999 rostra
402 1971 521 2000 tenent
549 1968 684 2001 siccum
689 1969 713 1986 “
757 1966 833 2000 Am.
863 1964 930 1997 ΕΑ

125 2010 244 2068 ξερὸν.
269 2010 424 2056 συστολὴ
448 2014 552 2058 τοῦη
572 2014 624 2054 εἰς
644 2025 671 2048 ε.
683 2031 730 2038 -
764 2012 929 2047 εἴλυτο

127 2076 173 2082 ·--
193 2070 247 2101 ax
263 2069 320 2104 νῃ
333 2083 342 2101 ,
365 2059 577 2103 obductaque
596 2060 713 2093 omnia
734 2062 835 2093 erant
853 2069 931 2090 ma-

126 2105 176 2138 ris
217 2094 437 2150 adspergine.
503 2107 548 2141 H.
587 2111 624 2140 et
665 2105 765 2139 Scha
813 2102 932 2143 ἁλὸς

128 2147 259 2195 ἄχνῃ.
302 2151 368 2195 (μ’,
392 2153 480 2194 238,
516 2152 558 2186 Il.
592 2150 636 2210 6',
669 2150 738 2186 426
767 2150 863 2205 etc.)
879 2151 933 2195 τῷ

128 2195 440 2251 λεπτομερεστάτου
480 2199 551 2235 τοῦ
584 2196 713 2254 ἀφροῦ
746 2197 812 2243 τῆς
844 2194 933 2237 ἁλὸς

126 2240 249 2277 πάντα
271 2231 546 2300 ἔκεκάλυπτο,ἲ
534 2261 555 2291 1
579 2246 624 2292 τῇ
648 2243 874 2298 ἀκαθαρσίᾳ.
890 2263 932 2268 -

130 2301 181 2323 ου
203 2288 350 2334 γάρ-
368 2289 516 2344 πάγοι
538 2304 598 2328 τε
624 2290 836 2325 enunciatum
853 2300 933 2323 cau-

129 2335 201 2368 sale
231 2335 303 2369 loco
309 2335 443 2393 priore
468 2338 632 2392 positum:
669 2348 742 2371 nam
766 2336 850 2370 ordo
876 2336 933 2369 hic

130 2385 202 2413 ew.
240 2377 320 2417 ἀλλ’
357 2395 417 2418 οτε
441 2403 487 2409 -
509 2383 721 2441 θαλάσσης
761 2382 823 2417 καὶ
848 2380 930 2417 τότ’

128 2422 274 2461 Danao.
298 2446 344 2453 —
366 2428 510 2473 θυμόν·
535 2428 582 2467 οὖ
606 2429 677 2476 γὰρ
695 2428 780 2465 ἐ’σαν
800 2448 844 2453 -
863 2426 934 2463 πά-

129 2485 189 2517 γοι
211 2483 262 2507 τε.
295 2485 330 2506 ν.
359 2473 403 2508 de
426 2476 490 2511 hoc
526 2489 653 2523 genere
689 2475 933 2528 sententiarugn

130 2529 208 2552 ann.
242 2518 286 2553 ad
317 2519 365 2562 α’,
388 2521 467 2557 337.
489 2541 534 2549 -
568 2522 760 2567 λιμένες
793 2521 934 2566 proprie

132 2569 213 2599 sunt
243 2565 319 2600 loca
341 2566 493 2610 irrigua,
517 2570 571 2604 sel
595 2581 684 2615 quae
709 2580 798 2614 aqua
823 2567 932 2608 alluit,

130 2623 152 2645 a
176 2612 290 2654 λίβω,
317 2612 447 2658 λείβω,
479 2615 555 2648 dein
582 2621 701 2661 portus
733 2628 799 2649 κατ
856 2612 933 2656 ἐξο

130 2655 209 2714 χήν.
235 2676 279 2682 -·
313 2657 357 2692 Η.
386 2662 606 2695 etAm.13:
649 2661 772 2717 νηῶν
812 2658 933 2704 ὄχοι.

130 2701 195 2738 διά
222 2701 265 2740 τὸ
300 2700 471 2748 ὀχεῖσθαι
502 2708 542 2742 έν
565 2705 695 2749 αυτοῖς
729 2707 796 2749 τάς
826 2707 931 2746 ναῦς·

130 2749 239 2806 (quae
260 2757 460 2796 sequuntur,
484 2759 643 2798 ερεοιιιιιι
662 2756 703 2788 ad
729 2755 932 2809 scripturam

133 2794 368 2851 6161.V.E.
404 2804 438 2832 et
474 2802 541 2844 Ap.
582 2811 615 2836 v.
646 2802 796 2844 OX'.OI)
838 2795 862 2844 ἢ
892 2799 932 2835 οἱ

132 2841 272 2886 ἔχοντες
304 2856 336 2878 κ.
371 2843 617 2889 φυλάσσοντες
655 2846 722 2888 τὰς
752 2847 856 2887 ναῦς.
890 2865 933 2870 -

134 2889 217 2933 Ap..
242 2887 454 2947 ἐπιωγαί.
480 2892 513 2927 οἱ
540 2890 704 2936 α’λίμενοι
730 2892 848 2935 τόποι,
864 2889 933 2927 ὑπ-

133 2934 277 2980 αγωγᾶς
299 2936 340 2971 δὲ
365 2938 508 2982 ἔχοντες
531 2952 564 2974 κ.
587 2938 721 2984 σκέπην
743 2937 818 2975 ’ὑπὸ
853 2937 933 2975 ἄνι’--

131 2993 221 3025 μων.
262 2981 356 3028 Ιωὴν
380 2985 465 3020 male
491 2985 677 3021 admiscent
702 2987 936 3027 Scholiastae3

969 998 1063 1033 velut
1086 997 1141 1031 Ε.
1167 994 1342 1041 ἐπιωγαὶ,
1369 995 1502 1040 inquit,
1533 991 1657 1038 ἐξοχαὶ
1684 990 1779 1028 κατὰ

968 1057 1058 1084 τους
1084 1042 1267 1083 παλαιους
1290 1055 1320 1077 κ.
1344 1044 1494 1098 πλατεῖς
1514 1036 1691 1098 αἰγιαλοὶ,
1709 1036 1778 1082 μά-

969 1095 1072 1127 λιστα
1097 1087 1138 1125 δὲ
1161 1088 1274 1125 τόποι
1298 1085 1436 1145 άνέμου
1461 1086 1597 1144 σκέπην
1621 1088 1778 1130 έχοντες,

972 1137 1067 1173 ἔνθα
1090 1136 1152 1172 καὶ
1177 1134 1248 1181 ἰωὴ
1228 1150 1262 1181 η,
1285 1133 1453 1170 τουτέστι
1475 1133 1586 1190 πνοὴ,
1611 1131 1780 1177 αγνυται,

970 1182 1021 1228 μὴ
1046 1182 1233 1227 δυναμένη
1256 1180 1400 1226 δηλαδὴ
1421 1179 1619 1237 προϊέναι.
1668 1189 1780 1222 neque

970 1232 1037 1265 huc
1060 1230 1212 1275 pertinet.
1232 1224 1450 1272 κυματωγὴ,
1475 1233 1514 1262 ut
1537 1227 1647 1261 eidem
1671 1223 1780 1258 visum

972 1282 1049 1316 est,
1092 1275 1153 1308 sed
1185 1275 1303 1308 similis
1335 1274 1521 1319 potestatis
1555 1278 1609 1306 est
1641 1266 1780 1314 ἐπιωγὴ

973 1333 1014 1355 ac
1039 1320 1181 1366 simplex
1205 1322 1272 1364 ἰωγ
1254 1318 1309 1365 γὴ,
1335 1320 1424 1366 quod
1450 1319 1595 1352 habetur
1618 1317 1661 1360 ξ’,
1685 1318 1781 1356 533..

973 1367 1034 1402 ubi
1078 1367 1199 1422 βορέω
1239 1364 1346 1421 ἰωγὴ,
1369 1365 1452 1399 nihil
1485 1364 1576 1398 aliud
1607 1363 1784 1409 significat

975 1424 1075 1469 quam
1112 1411 1244 1457 βορέου
1287 1409 1431 1450 σκέπας.
1488 1410 1628 1456 proprie
1667 1413 1783 1443 autem

976 1458 1067 1504 ἰωγὴ
1092 1458 1179 1493 idem
1203 1464 1255 1493 est
1278 1458 1371 1504 ἰωκῇ
1395 1458 1471 1491 sive
1496 1457 1633 1501 ἰωχμῷ,
1656 1455 1700 1490 ab
1715 1452 1785 1489 ld-

976 1519 1050 1546 κω,
1088 1503 1235 1547 διώκω,
1271 1511 1438 1548 sonatque
1461 1514 1554 1545 rem,
1583 1514 1683 1548 quam
1707 1500 1784 1546 quis

977 1551 1132 1595 appetit,
1169 1551 1223 1584 vel
1246 1551 1368 1591 locum,
1404 1548 1447 1582 ad
1472 1560 1570 1594 quem
1595 1546 1786 1589 contendit,

974 1598 1065 1630 sicut
1100 1596 1274 1641 attingere
1313 1594 1454 1630 student
1487 1600 1614 1628 nautae
1648 1597 1784 1640 portum

975 1643 1031 1676 vel
1068 1642 1263 1677 stationem.
1294 1660 1341 1667 —-
1374 1641 1438 1674 H.
1479 1638 1622 1676 ἀκταὶ
1665 1651 1786 1683 προ-

974 1689 1152 1736 βλῆτες.
1187 1686 1249 1732 (κ’,
1281 1689 1338 1731 89,
1371 1685 1414 1729 ν’,
1445 1687 1505 1728 97,
1539 1687 1579 1721 11.
1604 1683 1651 1734 β’,
1682 1685 1786 1728 396.)

976 1735 1013 1770 οὶ
1036 1731 1323 1790 προνενευκότες
1347 1733 1402 1774 εἰς
1423 1731 1620 1768 θάλασσαν
1642 1729 1787 1774 πετρώ·

975 1784 1052 1823 δεις
1069 1779 1191 1817 τόποι.
1227 1781 1277 1814 E:
1301 1780 1469 1825 προβλ.
1491 1777 1636 1815 άκταὶ
1661 1777 1789 1818 ἄπλοος

975 1841 1042 1874 μεν
1066 1828 1106 1864 αἱ
1129 1826 1421 1884 προβεβλημέναι
1445 1838 1480 1860 κ.
1503 1825 1555 1871 μὴ
1579 1823 1789 1871 κρυπτόμε-

975 1888 1050 1910 ναι..
1085 1875 1197 1910 τοῦτο
1223 1872 1264 1908 δὲ
1287 1873 1382 1917 πρὸς
1406 1872 1608 1931 διαστολὴν
1629 1873 1706 1908 τῶν
1734 1874 1789 1907 λι·

975 1922 1096 1978 μένων
1129 1934 1162 1955 κ.
1197 1921 1272 1955 τῶν
1305 1919 1494 1976 έπιωγῶν·
1538 1918 1615 1955 ἐκεῖ
1643 1918 1715 1976 γάρ
1740 1916 1787 1955 οὐ

976 1967 1226 2024 προβέβληται
1256 1967 1309 2008 εἰς
1332 1964 1496 2023 ἐμφανες
1517 1962 1540 2011 ἦ
1565 1965 1674 2023 άκτή.
1724 1964 1789 2000 καὶ

977 2016 1052 2051 ε’στι
1081 2027 1149 2057 μεν
1184 2011 1272 2049 ουδε
1298 2010 1333 2068 ἡ
1345 2011 1470 2054 ἁπλῶς
1503 2010 1665 2070 προβλὴς
1695 2008 1790 2057 άκτή

978 2060 1126 2107 ἀγαθὸν
1167 2059 1217 2101 ὡς
1264 2058 1357 2102 πρὸς
1406 2057 1553 2102 λιμένος
1599 2060 1790 2117 σύγκρισιν

978 2109 1030 2152 (h.
1056 2120 1086 2142 e.
1112 2119 1185 2141 cum
1211 2111 1313 2151 portu
1336 2107 1570 2164 comparata)·
1605 2107 1641 2142 εἰ
1662 2104 1703 2142 δὲ
1726 2103 1791 2141 καὶ

978 2152 1155 2194 σπιλάδες
1179 2152 1251 2188 εἰσὶ
1272 2152 1355 2197 περὶ
1379 2149 1498 2197 αὐτην
1515 2166 1548 2186 κ.
1572 2152 1702 2209 πάγοι,
1724 2149 1789 2186 άλ-

978 2200 1024 2236 λὰ
1054 2202 1167 2236 τοῦτο
1200 2199 1397 2256 χείριστον.
1435 2198 1498 2234 καὶ
1521 2199 1615 2235 εἰσὶν
1648 2199 1685 2235 οὶ
1709 2211 1790 2234 τοι-

979 2249 1091 2282 αῦται
1123 2247 1287 2291 προβλ.
1321 2244 1466 2280 ἀκταὶ
1495 2244 1611 2282 τόποι
1643 2242 1789 2299 πετρώ-

979 2296 1066 2335 δεις,
1083 2292 1327 2335 προνεύοντες
1340 2293 1392 2333 εἰς
1414 2289 1621 2328 θάλασσαν.
1640 2312 1686 2318 -
1708 2289 1792 2326 πά-

979 2354 1053 2395 γοι
1087 2339 1126 2375 δε
1158 2337 1359 2379 πετρώδεις
1390 2335 1534 2383 ἕξοχαὶ,
1569 2336 1611 2396 ἢ
1617 2339 1670 2381 εἰς
1691 2335 1791 2382 ν’ψος

979 2385 1176 2432 α’νέχουσαι
1221 2383 1338 2428 ὀξεῖαι
1376 2384 1534 2427 πέτραι,
1584 2382 1636 2425 ὥς
1683 2386 1795 2430 δηλοῖ

980 2422 1144 2478 ἐπαχθέν
1177 2430 1218 2466 τό
1236 2430 1409 2487 ’,πάγοι
1436 2430 1567 2475 ὀξέες
1590 2398 1730 2477 (411.)η
1756 2443 1789 2466 v.

981 2481 1086 2514 Schn.
1109 2490 1164 2513 vv.
1190 2475 1335 2522 πάγος,
1356 2476 1534 2522 πήγνυμι.

1027 2526 1107 2561 408.
1138 2523 1333 2560 ἀελπέα.
1376 2524 1426 2558 sic
1450 2535 1565 2559 omncs
1589 2522 1692 2564 mm,
1728 2521 1792 2558 ad-

977 2573 1111 2617 jectivo
1144 2572 1248 2606 ducto
1283 2571 1327 2604 ab
1362 2569 1478 2611 ξ’,λπω
1515 2577 1554 2604 ut
1578 2566 1738 2613 ἀτερπὴς
1770 2581 1792 2604 a

981 2618 1113 2673 rae'pnm5
1148 2629 1180 2651 ι.
1206 2617 1236 2650 Ε
1262 2621 1297 2650 ct
1323 2618 1474 2651 Lobeck.
1499 2617 1630 2659 Ρὴιμι.
1656 2627 1689 2661 p.
1709 2617 1791 2650 570.

983 2667 1068 2722 Ap..
1093 2662 1302 2699 ἄελπτον
1334 2663 1466 2716 (h3mn.
1496 2662 1530 2696 in
1556 2662 1670 2718 Apoll.
1700 2662 1793 2706 91.),

981 2710 1210 2747 ἀνέλπιστον.
1235 2709 1296 2743 καὶ
1322 2707 1549 2750 άελπτέα,
1568 2705 1791 2744 τόνάνέλπι-

981 2769 1077 2794 οτον.
1124 2755 1422 2797 1=0c‚nisa110r,
1456 2759 1598 2790 auctore
1622 2756 1666 2788 W
1702 2760 1738 2790 et
1763 2755 1791 2789 B

980 2804 1161 2840 ediderunt
1185 2781 1350 2837 άελπτέα

1027 2851 1146 2886 409-—
1157 2850 1235 2883 418.
1262 2849 1454 2890 λαῖτμα.
1483 2845 1560 2882 174.
1583 2845 1791 2882 notationem

982 2897 1084 2952 hujus
1122 2893 1277 2929 uocabuli
1314 2905 1345 2925 v.
1375 2905 1430 2938 up.
1465 2893 1572 2928 Schn.
1597 2914 1642 2921 -
1684 2895 1789 2938 φαί-

983 2939 1100 2983 νεθ’,
1125 2941 1310 2985 φαίνεται.
1346 2951 1379 2972 v.
1404 2951 1480 2974 ann.
1506 2941 1549 2974 ad
1575 2940 1615 2975 11.
1640 2939 1688 2979 α’,
1715 2940 1786 2975 117

984 3009 1025 3015 -—
1053 2967 1102 3034 βέ
1115 2990 1168 3034 βρ
1184 3000 1203 3022 υ
1216 2998 1282 3032 χε
1320 2990 1431 3028 tonat,
1462 2994 1657 3025 murmurat.
1694 2998 1726 3021 v.
1748 2985 1775 3020 u
