1846 3282
197 429 352 474 giscitur.

118 503 198 544 110

96 1367 216 1402 110—
227 1369 304 1405 113.
350 1394 374 1412 ,,
365 1369 438 1414 ,δὴ
473 1367 528 1415 ἄρ
537 1368 558 1403 ’.
594 1369 708 1404 hiatus
732 1370 853 1405 rarior.

49 1459 153 1494 ΕΝ.
180 1480 226 1486 —-
281 1461 499 1497 εὐώπιδα
534 1461 736 1517 κούρην.
775 1464 853 1498 142.

47 1504 245 1542 ἑλικώπιδα
270 1507 493 1554 ChryseIdem
519 1509 610 1542 dixit
635 1509 678 1542 Il.
702 1522 749 1551 α,
773 1511 829 1544 98.

93 1574 169 1609 114.
217 1574 304 1608 dixit
326 1575 440 1616 Hom„
467 1576 533 1609 nisi
551 1577 672 1610 fallor:
697 1575 720 1619 ἡ
747 1575 785 1611 δ’
812 1578 849 1613 οἳ

44 1624 110 1656 etc.
149 1620 218 1654 duo
243 1621 330 1655 enim
355 1621 464 1656 voluit
487 1622 665 1656 Minerva.
690 1623 848 1668 Ulyssem

44 1666 242 1711 conspicere
265 1667 494 1710 Nausicaain,
518 1672 554 1702 et
575 1668 663 1702 hanc
687 1637 779 1704 illuym
804 1670 848 1705 ad

43 1713 221 1747 Phaeacas
245 1713 445 1758 perducere.
493 1725 582 1758 quae
604 1722 768 1759 separate
797 1717 849 1750 di-

44 1759 153 1793 cenda
175 1764 272 1793 erant
303 1760 369 1793 hoc
392 1760 490 1794 modo
514 1760 630 1806 potius
653 1773 751 1806 quam
776 1762 846 1797 sic·

43 1810 82 1838 ut
119 1806 251 1848 Ulysses
282 1806 490 1850 conspiceret
529 1808 722 1852 virginem,
759 1820 849 1852 quae

44 1851 142 1884 illum
167 1852 214 1884 ad
240 1851 419 1885 Phaeacas
439 1853 664 1896 perduceret,
689 1865 732 1888 ne
755 1855 849 1890 scili-

45 1902 102 1930 cet
130 1897 165 1930 id
199 1902 328 1932 tantum
358 1898 444 1932 deae
468 1899 639 1934 consilium
664 1900 770 1934 fuisse
793 1901 848 1935 vi·

44 1943 206 1984 deretur,
254 1944 411 1988 Ulyssem
452 1946 654 1989 conspicere
688 1947 846 1990 puellam,

43 2000 132 2034 qnae
155 1989 239 2022 illud
264 1990 414 2024 officium
438 1998 619 2036 praestare
651 1992 698 2025 illi
721 1999 845 2035 posset,

42 2046 115 2068 cum
132 2046 252 2069 revera
270 2041 446 2080 praestato
459 2048 546 2081 opus
563 2043 666 2073 esset.
691 2037 730 2073 δε
743 2051 847 2085 saepe

43 2080 180 2122 excidit,
204 2081 278 2115 sive
301 2083 469 2116 oscitante
493 2083 656 2125 librario,
680 2096 741 2119 seu
765 2098 847 2131 pro-

42 2133 120 2172 pter
151 2107 404 2162 similitudinem
428 2129 565 2162 litterae
589 2130 732 2165 vicinae
782 2132 846 2166 da-

41 2178 98 2206 tur
122 2176 158 2206 et
185 2173 342 2208 tertium·
377 2186 481 2209 nasus
506 2175 654 2217 Critici,
691 2177 745 2212 cui
771 2178 846 2223 pla-

42 2224 137 2252 ceret
160 2230 266 2264 prava
290 2221 374 2262 ista,
398 2232 497 2266 quam
522 2221 739 2276 significavi,
764 2237 846 2258 con-

41 2263 187 2298 cinnitas
203 2265 378 2306 orationis,
396 2268 490 2311 cujus
509 2268 748 2304 concinnitatis
762 2282 846 2304 cau-

41 2320 81 2342 sa
112 2309 188 2343 fieri
220 2316 334 2355 potest
366 2317 405 2346 ut
440 2313 609 2348 deleverit
632 2316 844 2360 particulam.

40 2355 89 2388 ita
111 2355 213 2390 etiam
235 2357 348 2391 hiatus
372 2359 536 2393 aufertur.

90 2425 212 2459 116—
224 2425 301 2460 118.
349 2426 421 2460 Am.
446 2427 492 2468 Q.
515 2428 736 2463 emendatus·
765 2428 842 2474 ἀμ-

42 2467 259 2525 φιπόλου
291 2489 337 2496 —-
367 2473 496 2526 filim.
541 2477 615 2509 τῶν
647 2477 843 2537 διαβεβοη-

38 2514 163 2572 μένων
183 2513 317 2552 ἐστὶν
298 2530 318 2553 ο
334 2515 447 2559 τόπος
466 2519 525 2555 ἐπὶ
551 2525 740 2565 συντομία.
777 2525 843 2559 οὐ·

39 2561 103 2597 «izv
121 2559 191 2606 γὰρ
214 2562 285 2607 ἔχει
303 2564 481 2609 περιττὸν,
506 2565 596 2602 ἀλλὰ
616 2569 678 2604 καὶ
701 2569 746 2604 τὰ
766 2569 840 2607 ἐπί-

37 2611 133 2644 θετα
165 2610 334 2654 χρειώδη.
384 2610 425 2646 τὸ
436 2610 522 2668 μὲν
553 2613 622 2658 γὰρ
654 2617 840 2685 βαθείῃ

38 2652 133 2697 ὑπὲρ
156 2657 226 2690 τοῦ
248 2656 382 2703 βοῆσαι
400 2670 466 2699 τας
487 2660 699 2703 παρθένους
722 2664 774 2707 (11.
788 2676 817 2698 e.

38 2701 144 2753 βαθ.
171 2702 278 2744 dixit,
303 2713 370 2747 quo
394 2704 560 2740 haberent
582 2708 732 2766 puellae,
749 2690 841 2755 quoni

38 2749 305 2793 exclamarent.)
324 2773 335 2790 ,
383 2746 434 2790 ὠς
472 2764 520 2785 αν
553 2765 597 2787 ου
633 2755 736 2799 παρὰ
760 2756 842 2810 τήν

40 2790 160 2839 ὄχθην
189 2797 256 2836 τῆς
281 2795 445 2838 σφαίρας
468 2795 714 2857 ἐμπεσούσης,
747 2799 839 2838 όθεν

39 2822 169 2883 ῥᾴδιον
201 2839 248 2886 ἦν
279 2839 492 2886 ἐξελέσθαι,
527 2841 606 2880 ἀλλ’
644 2847 696 2887 εἰς
726 2848 839 2891 μέσον

39 2887 81 2920 τὸ
107 2868 246 2946 βάθρς·
271 2887 312 2923 τὸ
339 2887 378 2923 δὲ
402 2890 589 2932 μακρον
613 2905 648 2929 α.
674 2894 839 2930 πιθανὸν

38 2932 88 2972 εἰς
112 2932 152 2968 τό
172 2934 309 2978 ἀιεγερ
299 2935 419 2990 ὶῆναι
442 2935 507 2971 τὸν
526 2935 713 2975 Οδυσσέα.
744 2942 838 2976 simi-

37 2977 114 3013 liter
139 2980 182 3014 H.
207 2999 250 3008 —
286 2978 501 3027 ὥρμαινε
527 3003 566 3009 -
593 2985 765 3031 θυμόν.
790 2986 835 3030 δ’,

540 113 1125 155 ΟΛῬΣΣΕΙΑΣ
1179 114 1227 153 Ζ.

1615 110 1619 111 ⁷
1634 115 1719 156 203

226 223 322 278 ῥεῖά
350 219 391 267 τ’
425 221 645 295 ἀριγνώτη
673 222 866 275 πέλεται,
896 222 1028 266 καλαὶ
1056 220 1103 266 δέ
1131 236 1176 265 τε
1203 224 1374 293 πᾶσαι),

229 280 287 333 ὥς
314 278 388 337 ἥγ’
420 279 712 336 ἀμφιπόλοισι
739 279 976 338 μετέπρεπε
1005 277 1230 334 παρθένος
1259 277 1411 335 ἀδμής.

277 385 458 428 sphaeram
490 383 527 418 in
562 382 700 419 fluvium
737 383 911 429 delapsam
945 381 1214 417 exclamantibus
1251 380 1378 427 puellis
1410 381 1555 427 Ulysses
1595 396 1719 431 exper-

310 495 420 540 Ἀλλ’
453 495 523 541 ὅτε
552 496 606 554 δὴ
637 495 715 552 αρ’
747 496 892 551 ἔμελλε
919 494 1054 540 πάλιν
1083 493 1257 540 οἶκόνδε
1284 495 1475 549 νέεσθαι,

228 552 397 607 ζεύξασ’
403 555 662 627 ῃμιόνους,
695 553 892 605 πτύξασά
921 569 966 597 τε
996 554 1149 609 εἵματα
1176 552 1303 604 καλοὶ,

228 609 327 654 ἔνθ’
361 606 462 654 αὖτ’
493 610 589 654 ἄλλ’
620 610 770 666 ἐνόησε
799 609 880 653 θεὰ
909 613 1162 682 γλαυκῶπις
1188 607 1372 678 Ἀθήνη,

227 665 287 717 ὦς
311 665 520 719 Ὀδυσεῦς
549 667 739 738 ε’γροιτο,
770 668 860 709 ι’δοι
888 665 931 709 τ’
963 665 1159 710 εὐωπιδα
1187 664 1368 722 κούρην,

178 723 255 779 ’ἥ
285 741 327 767 οι
359 725 584 795 Φαιήκων
596 723 772 777 ἀνδρῶν
800 723 929 766 πόλιν
957 722 1178 779 ἡγήσαιτο

116 783 195 826 115
226 785 423 850 σφαῖραν
452 778 584 824 ἔπειτ’
615 781 762 834 ἔῤῥιψε
791 779 884 836 μετ’
916 778 1173 851 ἀμφίπολον
1202 779 1410 836 βασίλεια.

224 836 478 908 ἀμφιπόλου
506 836 603 906 μὲν
615 836 802 892 ἅμαρτε,
831 838 990 910 βαθείῃ
1022 836 1064 880 δ’
1095 836 1251 892 ε’μβαλε
1283 837 1406 908 δίνῃ·

225 910 269 936 αι
299 889 342 938 δ’
370 893 440 937 ἐπὶ
467 893 637 965 μακρὸν
665 893 823 937 ἄϋσαν.
875 892 898 937 ὁ
933 894 978 937 δ’
1010 894 1159 949 ἔγρετο
1191 895 1284 943 δῖος
1311 891 1556 945 Ὀδυσσεύς,

207 949 426 1006 ἑζόμενος
454 949 500 994 δ’
531 949 724 1008 ω’ρμαινε
753 966 865 995 κατα
895 951 1038 1016 φρένα
1067 951 1142 994 καὶ
1169 949 1280 994 κατά
1309 949 1481 1006 θυμόν·

189 1056 328 1098 reputat
352 1052 495 1098 Ulysses
518 1064 655 1096 secum,
687 1053 769 1099 quid
794 1053 924 1096 faciat3
956 1053 1082 1089 deinde
1104 1053 1198 1088 foliis
1222 1052 1338 1087 virilia
1361 1051 1494 1087 cinctus
1519 1053 1687 1099 procedit.

298 1121 385 1174 ,,’Ώι
413 1138 490 1192 μοι
520 1121 624 1178 ἐγω,
654 1122 764 1166 τέων
796 1118 900 1165 αὖτε
906 1124 1107 1190 βροτῶν
1135 1122 1179 1172 ἐς
1206 1125 1338 1178 γαῖαν
1368 1120 1530 1172 ἱκάνω,

114 1182 190 1221 120
219 1174 247 1231 ἦ
278 1176 322 1232 ῥ’
355 1176 444 1232 οῖ”γ
473 1177 678 1234 ὑβρισταί
710 1195 756 1222 τε
785 1179 858 1222 καὶ
888 1177 1059 1233 ἄγριοι,
1091 1177 1196 1222 οὐδὲ
1227 1180 1405 1229 δίκαιοι,

222 1232 272 1290 ἠὲ
302 1234 569 1290 φιλόξεινοι,
597 1237 672 1279 καί
701 1246 810 1291 σφιν
839 1236 944 1286 νόος
973 1235 1062 1280 ἐστὶ
1089 1234 1304 1291 θεουδής,-

902 1373 970 1407 120
992 1374 1059 1406 etc.
1083 1390 1128 1396 —
1166 1369 1352 1415 adscripsit
1375 1369 1469 1404 hisce
1502 1368 1555 1402 Cl.
1589 1369 1707 1414 Virgi-

51 1423 82 1447 ν.
112 1413 298 1449 Hermann.
331 1416 374 1450 ad
406 1417 519 1461 hymn.
552 1417 588 1450 in
612 1416 731 1472 Apoll.
763 1419 819 1453 51.
830 1420 854 1437 “
900 1417 937 1451 lii
964 1419 1045 1450 Aen.
1072 1419 1110 1458 1,
1130 1417 1347 1452 311—313.
1372 1421 1407 1450 et
1431 1416 1687 1459 7,131‚132.

948 1465 1036 1504 121,
1072 1464 1150 1520 1212.
1206 1463 1251 1497 H.
1287 1461 1440 1497 emenda
1484 1461 1709 1505 θεουδής.

899 1509 1075 1550 θεοδέης,
1102 1506 1126 1553 ἢ
1150 1509 1401 1552 δεισιδαίμων.
1439 1509 1502 1541 hoc
1525 1509 1709 1542 tenendum

900 1560 977 1595 est,
1004 1565 1115 1598 neque
1139 1556 1404 1595 admittendum
1429 1555 1521 1599 quod
1545 1554 1705 1598 subjicit:

895 1596 918 1644 ἢ
943 1600 1111 1645 θεοαδής
1133 1614 1236 1644 παρα
1268 1600 1311 1635 τὸ
1347 1599 1462 1636 ἁδεῖν.
1511 1600 1561 1633 sic
1592 1607 1707 1634 tamen

895 1649 960 1704 Ap.
988 1659 1143 1701 quoque:
1166 1645 1340 1690 θεουδης.
1384 1644 1574 1689 θεοαδὴς,
1598 1648 1707 1687 θεοῖς

896 1691 1162 1737 ἀρεσκόμενοςε
1186 1699 1221 1728 et
1243 1693 1399 1727 similiter
1417 1694 1464 1733 Ε,
1489 1692 1580 1738 apud
1604 1705 1704 1737 quem

894 1740 1113 1774 scribendum
1146 1745 1201 1774 est
1223 1737 1390 1783 θεοαδὴς
1423 1751 1484 1796 pro
1517 1738 1703 1779 θεοειδής.

894 1786 956 1819 sed
989 1786 1101 1830 Etyffm
1130 1788 1199 1822 M:
1232 1786 1421 1831 θεουδής,
1458 1783 1477 1820 ὁ
1510 1784 1704 1840 θεοσεβής.

895 1831 966 1867 οὐκ
1002 1831 1119 1874 ἔστιν,
1156 1831 1205 1874 ὥς
1238 1833 1332 1874 τινές
1369 1844 1481 1875 φασι,
1525 1830 1702 1876 θεοαδής.

894 1879 980 1935 male
1011 1880 1112 1914 Sch.·
1146 1878 1325 1925 θεουδής.
1368 1878 1563 1922 θεοειδής,
1595 1882 1704 1919 θεοῖς

893 1923 1023 1968 ὅμοιος
1055 1932 1122 1959 etc.
1176 1938 1251 1961 nam
1296 1925 1362 1960 etsi
1398 1925 1573 1970 θεοειδής
1608 1931 1704 1960 recte

893 1971 1106 2005 contrahitur
1130 1971 1163 2005 in
1187 1972 1509 2016 &sov6tic‚ta1nen
1533 1984 1598 2005 non
1624 1976 1703 2026 pot-

894 2024 948 2051 est
969 2019 1067 2059 fieri,
1092 2023 1131 2052 ut
1155 2031 1196 2053 ea
1220 2020 1266 2053 sit
1290 2019 1387 2061 origo
1414 2019 1512 2062 hujus
1530 2017 1702 2061 vocabuli,

894 2075 967 2097 cum
994 2075 1135 2109 prorsus
1161 2066 1203 2099 ab
1230 2065 1288 2099 illo
1313 2064 1452 2098 diflerat
1476 2064 1701 2109 significatio-

892 2121 955 2154 ne,
980 2110 1039 2143 sed
1066 2110 1256 2145 ducendum
1282 2116 1334 2145 est
1360 2123 1378 2144 a
1403 2108 1493 2151 θεὸς
1518 2116 1553 2145 et
1577 2112 1702 2152 δείδω,

892 2161 931 2189 ut
964 2156 1116 2190 dilucide
1150 2158 1304 2192 ostendit
1336 2158 1559 2190 Buttmannus
1593 2157 1701 2191 Lesit-

891 2203 948 2237 43.
991 2203 1036 2235 cf.
1063 2202 1243 2237 Montbelii
1279 2205 1421 2237 Obsero.
1449 2216 1507 2237 sur
1532 2203 1703 2248 lOdysse'e

892 2248 1031 2284 d’Hom.

893 2295 1072 2339 Odyssea,
1099 2306 1186 2339 quae
1211 2301 1246 2329 et
1269 2296 1408 2330 alteram
1433 2296 1523 2329 illam
1548 2297 1621 2339 plus
1644 2307 1700 2330 sc—

890 2341 955 2373 mel
981 2342 1105 2379 habet,
1141 2341 1246 2385 idque
1279 2343 1380 2376 solito
1413 2354 1515 2376 sensu
1539 2341 1700 2378 θεοεικὲ-

889 2389 978 2427 λου,
1003 2387 1112 2420 divini
1135 2399 1195 2420 seu
1211 2389 1389 2442 ‚praeclari
1411 2389 1550 2422 virtute.
1592 2390 1698 2423 verbo

890 2432 989 2466 simili
1004 2438 1176 2467 nostrates
1187 2435 1276 2478 pium
1287 2440 1391 2479 atque
1404 2435 1573 2477 integrum
1587 2434 1698 2468 virum

888 2480 1065 2523 appellant
1095 2480 1194 2513 einen
1224 2481 1489 2525 nottessmchtig„
1481 2492 1538 2513 en
1574 2480 1695 2515 Manu.

887 2524 1022 2579 gemina
1046 2526 1163 2559 horum
1189 2527 1295 2560 habes
1318 2526 1371 2568 θ’,
1392 2528 1471 2567 576,
1495 2539 1530 2566 ι,
1559 2527 1637 2561 176.
1662 2532 1698 2561 et

922 2573 1036 2613 ἩΞΟΞ
1080 2570 1122 2613 τ’,
1153 2571 1231 2607 364.
1263 2573 1331 2617 Uly
1334 2573 1400 2606 ssis
1430 2570 1594 2606 θεουδέα
1624 2575 1696 2608 θυ-

886 2583 958 2660 μὲν
991 2618 1170 2662 praedicat
1199 2620 1391 2664 Eur3clea:
1429 2615 1482 2653 ου’
1515 2616 1598 2661 γάρ
1626 2618 1694 2654 πώ

887 2664 1108 2709 uffiinquit,
1125 2663 1275 2700 τόσσα
1297 2664 1580 2722 βροτῶνΔιῒ
1601 2678 1694 2722 τερ-

886 2710 1159 2757 πικεραύνῳ
1205 2713 1365 2747 Πίονα
1411 2711 1528 2754 μηρί
1581 2709 1693 2757 ἔκη’

888 2753 995 2791 οὐδ’
1021 2746 1243 2799 ἐξαίτους
1268 2755 1548 2813 ἑκῃατόμβας.
1573 2760 1609 2791 et
1626 2758 1692 2792 1111

886 2802 960 2857 (lem
993 2805 1071 2838 109.
1106 2803 1277 2862 βασιλευς
1302 2800 1459 2847 ἀμύμων
1489 2803 1519 2836 is
1552 2803 1692 2844 dicitur

886 2846 993 2885 ὅστε
1015 2849 1495 2905 θεουδήςἈνδράσιν
1519 2847 1566 2884 ἐν
1589 2853 1692 2886 πολ-

885 2899 1016 2930 λοῖσι
1039 2896 1118 2931 καὶ
1143 2898 1436 2939 ἰφθίμοισιν
1465 2893 1694 2932 ἀνάσσων

886 2939 1128 2981 Εὐδικίας
1153 2940 1371 2988 α’νέχῃσι
1406 2945 1438 2978 11.
1464 2954 1493 2976 e.
1527 2941 1622 2989 Hesy
1625 2944 1691 2978 chii

885 2994 920 3023 et
945 2988 1252 3024 Grammaticorum
1278 2990 1392 3024 verbi·
1417 2957 1622 3036 θεοσεβὴς,
1632 2988 1690 3027 εύ-

1057 2260 1090 2293 p.
1112 2250 1170 2284 97.
1217 2261 1285 2284 vox
1311 2250 1453 2295 primum
1478 2255 1643 2293 usurpata
1666 2249 1701 2283 in
1760 2258 1765 2263 “
