1856 3282
121 156 179 195 72

760 148 1162 190 ΟΜΗΡΟΥ

374 295 398 314 ,,
408 257 466 305 Ὠ
495 262 658 332 Κίρκη,
688 257 862 303 τέλεσόν
892 274 967 326 μοι
997 257 1252 313 ὑπόσχεσιν,
1281 256 1418 326 ἥνπερ
1447 255 1643 312 ὑπέστης,

292 319 442 362 οἴκαδε
471 334 523 362 πε
525 317 757 389 μψέμεναι·
789 315 934 370 θυμός
964 314 1010 358 δέ
1040 331 1114 368 μοι
1145 315 1322 357 ε’σσυται
1350 312 1448 369 ἤδη,

179 377 262 421 485
291 374 363 445 ἠδ’
393 336 553 418 ἅλλωνμ
565 373 753 428 ἑτάρων,
784 373 831 416 οἵ
856 387 937 425 μευ
966 371 1244 425 φθινύθουσι
1277 372 1412 440 φίλον
1438 372 1571 448 κῆρ,“

294 430 409 488 ἀμφ’
436 431 505 488 ε’μ’
535 430 821 486 ὀδυρόμενοι,
853 427 923 471 ὅτε
951 443 1040 472 που
1070 428 1176 483 σύγε
1204 426 1338 484 νόσφι
1366 426 1557 482 γένηαι.ι

265 557 276 590 ¹
323 523 411 592 dper
435 523 533 556 quam
559 512 724 590 eddocltqu
750 514 836 595 antet
856 519 956 587 qpam
981 507 1128 586 domudm
1137 506 1277 585 redegit,
1309 506 1471 541 Tiresiae
1493 506 1636 541 animam
1661 515 1784 540 consu-

279 569 319 591 ΘΠ
347 569 397 592 am
422 569 498 592 esse
521 569 588 602 apu
656 568 676 589 ss
694 566 771 588 eros
839 565 878 587 ΒΗ
898 565 951 587 um
976 565 1043 587 110ss
1094 564 1214 597 espera

361 612 446 665 ’,Ως
474 613 667 670 ἐφάμην·
698 610 724 666 ἡ
755 610 794 654 δ’
828 608 972 654 αυτίκ’
1005 608 1205 663 ἀμείβετο
1237 610 1309 651 δῖα
1339 607 1509 652 θεάων·

299 671 536 726 ,,Διογενὲς
561 655 835 740 Λαερτιάδη,
861 664 1138 721 πολυμήχαν’
1164 664 1390 718 Ὀδυσσεῦ,

297 727 447 796 μηκέτι
473 731 559 770 νῦν
588 724 789 775 αέκοντες
820 724 908 782 ἐμῷ
939 723 1002 766 ἐνὶ
1031 724 1205 778 μίμνετε
1236 723 1366 778 οἴκῳ·

185 784 268 828 490
298 782 397 828 ἀλλ’
427 784 560 840 α’λλην
588 782 668 838 χρὴ
699 785 877 835 πρῶτον
907 778 1014 823 ὁδὸν
1042 779 1232 832 τελέσαι,
1262 780 1337 822 καὶ
1367 777 1539 821 ἱκέσθαι

299 841 358 891 εἷς
381 839 526 884 Ἀΐδαο
557 841 719 890 δόμους
747 838 822 880 καὶ
851 838 1029 892 ἐπαινῆς
1061 837 1400 892 Περσεφονείης,

298 900 415 966 ψυχη
442 895 740 964 χρησομένους
772 895 969 949 Θηβαίου
1003 894 1237 946 Τειρεσίαο

243 952 475 1007 *μάντιος
505 952 670 1002 ἀλαοῦ,
700 955 827 993 τοῦτε
857 951 1015 1017 φρένες
1046 949 1222 1003 ἔμπεδοί
1250 949 1344 998 εἶσι,

299 1012 361 1063 τῷ
390 1009 463 1052 καὶ
491 1011 704 1079 τεθνηῶτι
732 1005 841 1050 νόον
870 1005 979 1059 πόρε
1015 1005 1327 1059 Περσεφόνεια,

187 1066 270 1109 495
305 1067 384 1122 οἴῳ
414 1064 687 1116 πεπνῦσθαι,
718 1065 787 1106 τοὶ
817 1062 862 1106 δὲ
892 1062 1009 1105 σκιαὶ
1040 1061 1281 1105 ἀίσσουσιν.
1297 1065 1324 1086 “

367 1121 450 1172 Ὼς
479 1120 605 1192 ἔφατ’
620 1137 628 1146 ·

663 1118 800 1173 αὐτὰρ
832 1119 975 1174 εἰιοιγε
1005 1117 1279 1187 κατεκλάσθη
1311 1116 1443 1171 φίλον
1470 1109 1598 1184 ᾗτορ,

302 1181 456 1221 κλαῖον
486 1175 529 1221 6'
561 1176 825 1245 ενιλεχέεσσι
853 1175 1124 1244 καθήμενος,
1160 1171 1265 1216 οὐδὲ
1294 1190 1336 1215 τι
1365 1171 1511 1226 θυμὸς
1565 1181 1567 1183 “

301 1233 426 1305 ἤθελ’
455 1233 517 1277 ε’τι
547 1232 670 1286 ζώειν
698 1233 771 1275 καὶ
799 1230 911 1288 ὁρᾷν
940 1229 1055 1299 φάος
1083 1229 1259 1301 ἠελίοιο.

303 1289 443 1343 αὐτάρ
476 1289 563 1333 επεὶ
591 1291 754 1334 κλαίων
780 1304 824 1331 τε
852 1285 1167 1339 κυλινδόμενός
1195 1284 1234 1328 τ’
1266 1284 1522 1340 ἐκορέσθην,

191 1347 273 1392 500
302 1348 376 1392 καὶ
402 1345 498 1390 τότε
529 1348 581 1402 δή
612 1362 687 1401 μιν
717 1346 889 1388 ε’πεσσιν
920 1343 1203 1413 ἀμειβόμενος
1233 1341 1517 1396 προσέειπον

383 1406 468 1455 ,Ὠ
498 1405 682 1472 Κίρκη,
694 1404 758 1453 τίς
786 1403 869 1458 γὰρ
899 1401 1061 1456 ταύτην
1091 1398 1198 1445 666v
1227 1397 1534 1455 ἡγεμονεύσεις

303 1460 364 1512 εἷς
380 1435 529 1512 ’,Ἄιδος
559 1459 603 1504 δ’

135 1565 219 1596 vent
233 1561 529 1598 1mm6d=atement
536 1565 559 1583 “
585 1564 746 1596 Montbel.
760 1581 804 1587 —
828 1559 940 1598 ὀπό-

136 1619 314 1652 σχεσιν,
349 1608 496 1655 ἤνπερ
530 1621 602 1644 vn.
644 1609 684 1642 Il.
711 1607 766 1653 β’,
789 1610 870 1643 286.
895 1626 941 1633 -—

138 1653 356 1698 ε’σσυται,
380 1657 546 1710 impulsus
573 1666 634 1688 seu
659 1661 768 1689 motus
795 1659 856 1695 est,
880 1654 940 1687 de-

137 1700 277 1735 siderat.
299 1721 341 1727 —-
385 1699 724 1759 φθινύθουσιν
747 1699 880 1740 active,
904 1703 942 1733 ut

138 1745 193 1787 α’,
213 1749 315 1782 256:
349 1750 408 1784 τοὶ
443 1746 483 1783 δε
515 1746 774 1792 φθινύθουσιν
799 1745 944 1785 ἔδοντες

142 1792 257 1828 Οἷκον
278 1791 378 1836 ἐμόν.
413 1806 490 1828 nam
513 1794 600 1827 alias
626 1799 678 1826 est
696 1793 835 1826 verbum
860 1803 945 1825 neu-

137 1844 238 1874 trum.
281 1840 383 1875 simili
406 1845 520 1875 autem
544 1850 645 1873 sensu
670 1839 738 1872 dici
761 1839 849 1872 solet
871 1841 945 1872 θυ-

138 1885 211 1930 μὸν
236 1884 344 1921 ἔδειν.
365 1906 406 1912 -—
439 1884 588 1928 νόσφι
611 1884 792 1929 γένηαι,
816 1885 945 1930 νοσφί-

139 1934 202 1978 ζῃ,
228 1932 439 1966 abscesseris.
475 1931 514 1972 ε’,
537 1933 606 1967 350
626 1936 692 1965 etc.

186 1979 306 2014 490-
316 1981 395 2014 492.
439 1976 567 2021 ,,ἀλλ’
594 1974 806 2020 ἅλλην-
833 1976 946 2018 Περ-

141 2027 413 2068 σεφονείης.
456 2025 553 2068 Virg.
572 2024 656 2056 Aen.
680 2025 714 2064 3,
736 2022 837 2058 384.ε
863 2028 946 2056 ante

142 2076 176 2105 et
202 2071 385 2104 Trinacria
418 2070 603 2104 lentandus
632 2074 747 2102 iremus
778 2069 813 2100 in
840 2069 948 2111 unda,

142 2118 191 2151 Et
212 2118 298 2151 salis
324 2118 467 2150 Ausonii
487 2116 704 2150 lustrandum
722 2115 868 2148 navibus
891 2126 952 2148 ac-

143 2175 248 2208 quor,
285 2164 482 2207 Infernique
507 2164 632 2195 lacusst
623 2165 648 2181 “
673 2163 792 2196 Cl.—·
826 2161 951 2195 ἐπαι-

143 2209 240 2265 νῆς,
265 2208 469 2250 ἐπαινετῆς,
495 2209 639 2252 σεμνῆς.
676 2219 710 2241 v.
741 2218 817 2240 ann.
843 2207 886 2240 ad
913 2207 952 2241 ll.

145 2254 191 2296 ι’,
215 2255 296 2290 457.
323 2275 368 2280 —
419 2256 469 2288 Ε.
484 2253 843 2310 χρησομένους
862 2253 954 2297 λέγει

144 2314 235 2342 τους
259 2299 598 2345 μαντευσομένους,
622 2298 715 2336 όθεν
738 2300 800 2334 καὶ
826 2297 845 2334 ὁ
870 2313 956 2344 χρη-

146 2345 237 2391 σμὸς
263 2353 330 2382 etc.
352 2367 397 2372 --
434 2348 478 2380 ‹le
507 2349 662 2388 Tiresia,
696 2351 777 2379 vate
802 2346 956 2380 celeber-

146 2394 255 2436 rimo,
289 2406 324 2427 v.
355 2393 510 2438 inprimis
537 2393 776 2437 Apollodorum
802 2392 957 2436 pluribus

146 2441 231 2474 locis
258 2444 294 2473 et
316 2440 359 2474 ad
391 2450 464 2473 eum
490 2439 623 2486 Heynei
649 2441 836 2472 observatt.
883 2440 955 2473 Am.

149 2486 193 2526 Q.
220 2486 373 2519 emend.·
408 2486 508 2519 διατί
541 2481 610 2519 οὖν
643 2483 711 2519 οὐκ
745 2483 841 2527 αὐτὴ
866 2497 957 2527 μαν-

149 2529 315 2572 τεύεταις
330 2530 421 2566 “Orc
447 2528 514 2564 οὐκ
534 2529 580 2566 &v
600 2531 809 2567 ἐπίστευσεν
826 2531 958 2567 Οδυσ-

150 2577 235 2618 σεὺς
260 2578 276 2614 ἐ
278 2576 376 2623 ραίσῃ
402 2574 510 2621 αὐτῇ.

195 2598 959 2666 493.u02v23153'112111025.excu-

150 2671 219 2704 sari
243 2674 361 2714 potest
390 2669 507 2703 similis
541 2680 775 2713 nonnunquam
802 2680 857 2713 ap.
886 2670 960 2702 Ho-

150 2727 276 2749 merum
319 2716 494 2772 rhythmus
533 2727 710 2756 v..eruum‚
739 2716 960 2766 praesertim

150 2762 279 2802 initiis,
309 2762 404 2795 velut
439 2759 506 2800 ἕως
536 2759 556 2796 6
580 2760 700 2795 ταῦθ’
725 2758 886 2816 ω’ρμαινε
918 2761 960 2795 ΙΙ.

152 2786 326 2849 α’,19’3,
361 2805 462 2847 ὅστις
493 2807 536 2842 οῗ
562 2805 596 2841 τ’
633 2806 775 2842 ἐπέοικε
807 2805 851 2847 ι’,
879 2808 960 2848 393,

152 2852 268 2888 πολλοὶ
303 2853 504 2896 λισσομένω
537 2864 556 2895 χ
576 2878 584 2893 ,
609 2855 665 2887 91.
701 2853 819 2887 durius
850 2857 962 2886 tamen

153 2900 186 2933 h.
208 2900 230 2933 Ι.
249 2901 445 2933 trochaeum
462 2899 616 2944 sequitur
637 2899 846 2940 tribrachus,
866 2898 962 2943 quusi

155 2957 221 2979 non
257 2944 341 2979 satis
380 2946 508 2985 suerit,
551 2945 653 2977 semel
689 2945 756 2978 sibi
792 2944 961 2978 licentiam

155 2991 324 3026 sumsisse.
362 3002 472 3036 quare
494 2990 695 3032 videndum,
719 3003 762 3025 an
783 2992 886 3036 poeta
910 2990 962 3024 di-

636 1458 761 1503 οὔπω
791 1476 854 1510 τις
884 1457 1066 1514 α’φίκετο
1096 1458 1173 1513 νηὶ·
1199 1458 1435 1513 yekao'vqyf‘

985 1560 1075 1594 xerit
1099 1573 1261 1603 μαντηος
1285 1570 1349 1603 pro
1373 1556 1550 1601 μάντεος,
1586 1561 1625 1591 ut
1647 1556 1798 1603 πόληος,

989 1608 1161 1650 Πηλῆος,
1196 1606 1429 1649 Μηκιστῆος,
1462 1616 1550 1649 quae
1573 1609 1608 1638 et
1633 1604 1709 1649 ipsa
1732 1617 1799 1638 no-

988 1655 1078 1686 mina
1113 1654 1188 1686 fere
1214 1656 1377 1694 corrupta
1400 1656 1480 1684 sunt
1503 1650 1540 1684 in
1563 1650 1674 1684 libris.
1722 1662 1798 1684 nam

988 1699 1154 1743 Knightio
1181 1709 1276 1731 nemo
1310 1697 1412 1731 facile
1441 1698 1678 1741 obtemperet,
1712 1697 1800 1730 haec

989 1745 1039 1778 ita
1064 1744 1248 1778 scribenti·
1271 1756 1425 1787 μαντιος
1449 1746 1617 1784 αλαῈοο,
1640 1745 1736 1778 tofo
1760 1755 1800 1778 τε

992 1802 1121 1835 φρενες
1146 1791 1294 1825 ενπεδοι
1320 1802 1428 1830 εντιν,
1452 1797 1514 1824 aut
1538 1788 1716 1830 Barnesio,
1741 1801 1802 1823 cu-
1832 1801 1837 1809 s

988 1839 1053 1891 jus
1067 1848 1196 1881 operae
1221 1836 1368 1881 pretium
1394 1841 1447 1870 est
1471 1835 1669 1870 adscribere
1695 1846 1802 1868 anno-
1845 1878 1848 1882 .

990 1883 1176 1922 tationem,
1201 1895 1268 1926 quo
1292 1883 1488 1926 intelligant
1511 1883 1653 1922 tirones,
1678 1882 1803 1926 quibus

991 1930 1069 1964 olim
1089 1908 1252 1962 macliinis
1266 1929 1452 1973 hujusmodi
1469 1928 1694 1962 difficultates
1711 1939 1805 1961 amo-

990 1975 1044 2008 liti
1069 1975 1138 2008 sint
1162 1974 1226 2007 viri
1256 1975 1361 2009 docti.
1407 1986 1508 2017 „vox
1541 1972 1716 2015 α’λαὸς,“
1748 1973 1804 2006 in-

994 2021 1089 2066 quit,
1122 2021 1222 2063 „hoc
1253 2022 1289 2054 in
1321 2021 1395 2055 loco
1430 2022 1514 2055 duas
1540 2021 1675 2075 priores
1699 2020 1806 2054 habet

995 2067 1132 2111 longas:
1165 2067 1305 2111 primam
1337 2068 1381 2100 ob
1404 2069 1424 2101 λ
1448 2067 1652 2106 ectaticum3
1682 2076 1806 2099 secun-

997 2114 1071 2146 dam
1097 2115 1140 2147 ob
1166 2113 1305 2153 hiatum,
1330 2124 1393 2156 per
1418 2124 1518 2158 quem
1537 2113 1708 2156 τεχνικῶς
1728 2111 1807 2147 στέ-

998 2160 1101 2203 ρησίς
1144 2173 1200 2200 τις
1234 2160 1405 2201 innuitur,
1430 2160 1487 2203 (2)
1523 2159 1607 2192 alias
1643 2163 1807 2203 utrasque

998 2207 1154 2239 brevesf
1146 2207 1169 2225 “
1208 2205 1300 2250 quod
1326 2204 1451 2238 attinet
1474 2205 1518 2238 ad
1541 2203 1717 2248 μάντηος,
1743 2215 1807 2248 pro
1844 2246 1847 2249 μ

1001 2263 1040 2285 eo
1065 2252 1230 2305 scriptum
1256 2252 1346 2284 forte
1369 2249 1526 2293 μάντεος
1550 2250 1620 2285 cito
1645 2255 1809 2284 mutatum
1842 2284 1846 2295 ‚-

1001 2297 1329 2340 ἰυετῐῑίιιμάντιος,
1346 2298 1436 2340 quod
1454 2296 1755 2341 librariilegerant
1767 2296 1808 2330 Il.
1844 2303 1846 2306 ·

1001 2357 1044 2384 ν,
1071 2345 1151 2378 663.
1176 2349 1325 2377 ceterum
1359 2344 1416 2376 hic
1445 2354 1565 2377 versus
1588 2343 1736 2377 recurrit
1758 2341 1809 2386 μ’,

1001 2391 1081 2424 967.
1106 2409 1147 2414 —
1191 2389 1361 2434 φρένες
1396 2388 1614 2433 ἔμπεδοι,
1650 2393 1690 2422 ut
1719 2390 1811 2430 νοῦς

1003 2435 1178 2479 ἔμπεδος,
1212 2448 1305 2470 mens
1332 2437 1474 2481 integra
1499 2436 1573 2470 sive
1597 2446 1707 2478 sana,
1730 2435 1811 2472 240.
1843 2452 1845 2454 ·

1004 2483 1049 2519 cf,
1071 2483 1150 2518 553.

1049 2528 1136 2569 495,
1170 2529 1203 2562 6.
1259 2528 1342 2571 οἴῳ
1375 2526 1662 2562 πεπνῦσθαι.
1705 2527 1812 2562 solum
1843 2531 1846 2533 ’

1003 2580 1209 2609 mortuorum
1236 2585 1362 2619 sapere
1387 2575 1558 2608 Tiresiam
1583 2574 1667 2608 (licit
1690 2572 1811 2618 ἐμφα-

1003 2621 1132 2660 τικαῖς,
1167 2619 1335 2663 insignem
1374 2622 1447 2665 ejus
1481 2620 1658 2655 scientiam
1697 2632 1812 2656 rerum

1005 2667 1147 2701 omnium
1172 2671 1349 2711 artemque
1368 2667 1578 2701 vaticinandi
1601 2666 1812 2711 significans.

1004 2732 1050 2738 -
1086 2711 1359 2755 αἶ’,σσουσιν
1391 2715 1539 2748 volitant
1568 2712 1712 2753 infirmi,
1748 2724 1811 2747 nec

1004 2759 1126 2793 mentis
1154 2761 1238 2793 satis
1260 2765 1450 2804 compotes,
1483 2760 1638 2805 quamvis
1660 2759 1812 2793 sentien-

1008 2809 1073 2839 tes.
1113 2806 1158 2839 cs.
1182 2804 1234 2847 λ,
1258 2806 1382 2841 218-
1393 2807 1473 2841 222.
1502 2825 1547 2831 —
1588 2802 1811 2840 κατεκλά-

1009 2853 1110 2893 σθη
1149 2853 1225 2886 198.

1054 2896 1270 2933 497—499.
1319 2899 1362 2931 cf.
1391 2896 1434 2939 δ’,
1459 2895 1671 2933 539—541.

1056 2945 1134 2978 502.
1172 2944 1293 2986 „Dans
1316 2942 1468 2977 l'6dition
1494 2944 1536 2976 de
1561 2943 1705 2985 Vienne,
1729 2942 1813 2976 ‹lon-
1844 2947 1846 2954 '

1009 2991 1073 3024 nee
1098 3001 1160 3035 par
1185 2991 1298 3033 Alter,
1325 2991 1428 3035 apr6s
1450 3001 1491 3024 ce
1514 2999 1594 3023 vers
1618 2990 1684 3024 502
1709 2999 1751 3022 on
1775 2987 1814 3022 lit
