1846 3282
103 1217 183 1257 100

90 1800 238 1834 86-91.
272 1808 348 1842 σιγ
355 1796 560 1834 αλόεντι.
569 1797 851 1855 σιγαλόεις

44 1843 226 1887 θρόνος
259 1844 441 1878 ΕυεῑειΙιίο
477 1853 532 1879 est
565 1842 587 1889 ἢ
622 1843 641 1879 ὁ
685 1848 850 1885 ποικίλος

45 1889 111 1926 διοὶ
134 1890 175 1925 τὸ
199 1889 475 1935 κατεστιγμένος
498 1889 614 1933 εἶναι,
647 1888 674 1935 ὴ
698 1889 717 1928 ὁ
744 1891 850 1936 σιγήν

47 1937 209 1980 ἐμποιῶν
233 1936 296 1972 διὰ
319 1937 360 1972 τὰ
386 1937 621 1980 ἀξιοθέατον.
657 1950 689 1972 ν.
708 1950 786 1972 ann.
804 1940 849 1972 ad

46 1972 86 2018 ΙΙ.
110 1996 149 2025 ε,
173 1985 253 2020 226
285 1983 449 2017 idemE:
476 1981 555 2025 ὅτι,
580 1984 850 2040 χρυσόρρα-

46 2043 154 2071 πιν,
187 2025 210 2064 ὅ
234 2027 309 2064 ἐστι
330 2028 648 2088 χρυσεόῤῥαβδον,
679 2027 848 2085 Ομήρου

44 2076 280 2131 πλασαμένον
315 2076 379 2111 τὸν
403 2073 565 2120 Ερμῆν,
600 2075 775 2113 ἐντεῦθεν
812 2077 849 2112 οὶ

43 2120 197 2166 ὕστερον
231 2119 456 2180 ὁρμηθέντες
487 2122 682 2179 κηρύκειον
716 2124 850 2168 (cadu-

45 2173 155 2213 ceum)
191 2167 293 2224 αὐτῷ
325 2169 514 2212 διδόασιν,
564 2167 684 2216 ὁποίῳ
719 2171 784 2206 καὶ
807 2169 849 2206 τὰ

45 2217 153 2250 θεῖον
192 2215 317 2260 γένος,
362 2215 400 2251 οὶ
441 2215 477 2259 ἐξ
518 2213 653 2260 Ἑρμοῦ
683 2216 850 2261 κήρυκες,

47 2259 205 2304 ἐχρῶντο
228 2263 280 2303 εἰς
306 2260 540 2314 παράσημον.
558 2283 603 2287 —-
628 2263 708 2304 „his
728 2263 852 2297 similia

47 2308 204 2351 leguntur
226 2308 266 2342 ΙΙ.
291 2320 333 2351 σ,
358 2311 470 2345 385-
474 2311 555 2350 387,
587 2289 695 2345 42'6-
703 2308 784 2351 427,
810 2308 852 2351 ξ’,

48 2354 242 2390 194—196.
278 2354 318 2388 ll.
344 2366 392 2396 σ,
426 2358 505 2391 387.
530 2356 618 2389 male
651 2357 717 2389 huc
741 2356 849 2389 immi-

47 2399 164 2441 gravit
195 2403 274 2443 post
302 2402 374 2442 90,
408 2413 472 2435 nec
501 2402 629 2446 legitur
664 2402 698 2435 iu
731 2402 850 2436 codice

48 2445 176 2479 Harlff‘
200 2445 233 2478 E
258 2447 302 2479 N.
328 2465 371 2471 —
406 2447 481 2482 καὶ
507 2467 552 2472 -
575 2447 732 2489 ἔσται,
769 2449 850 2482 etsi

0 2525 1 2529 ,
48 2502 195 2536 unquam
222 2493 376 2535 effectum
401 2499 462 2527 est.
503 2506 536 2527 v.
560 2506 637 2529 ann.
671 2495 713 2527 ad
739 2494 777 2527 ΙΙ
806 2492 849 2537 ξ’,

0 2547 1 2575 ἢ
51 2538 130 2572 196.
164 2543 200 2570 et
223 2537 257 2571 N
284 2538 378 2580 h.1.,
411 2540 471 2581 qni
499 2540 654 2575 laudavit
685 2540 849 2575 We1cke-

50 2594 122 2617 rum
150 2583 193 2617 ad
218 2583 375 2640 Theogn.
397 2585 476 2620 261.
518 2587 662 2621 Aristot.
686 2587 788 2642 Ιόιὲῐ,
815 2589 850 2627 9,

49 2628 173 2663 6..τὰ
197 2627 264 2671 μὲν
289 2627 358 2665 οὖν
381 2629 430 2674 μὴ
455 2631 630 2687 γενόμενα
655 2631 760 2667 οὔπω
793 2646 854 2666 πι-

49 2674 226 2718 στεύομεν
251 2673 346 2732 εἶναι
371 2675 534 2711 δυνατά·
569 2677 618 2715 τοὶ
640 2678 681 2714 δὲ
704 2678 855 2725 γενόμε-

48 2734 96 2757 να
119 2721 285 2766 φανερὸν
317 2720 376 2758 ότι
402 2722 557 2758 δυνατά.

94 2769 152 2809 93,
165 2768 222 2804 94.
235 2771 306 2803 Am.
317 2769 464 2803 scholis
489 2769 856 2828 κέρασσε-ἔρις

50 2813 185 2859 θρόν.
214 2816 248 2850 εἰ
240 2815 375 2873 μηδὲν
388 2813 657 2852 α’λλοπίνουσιν
677 2829 712 2854 οι
723 2814 844 2853 θευι
832 2815 854 2861 ἠ

24 2896 26 2901 ,
49 2860 190 2904 νέκταρ,
189 2862 309 2919 πῶςὴ
323 2861 487 2905 Καλυψώ
500 2861 591 2898 αὐτὸ
603 2861 854 2917 κιρνᾷὕδατι,

516 116 1024 174 οΔΤΣΣΕῙΑ

1055 132 1206 171 >Ἐ
1613 131 1702 191 mv

127 245 180 288 85
205 240 407 296 Ἑρμείαν
437 240 483 283 6'
511 239 668 294 ἐρέεινε
693 240 916 290 Καλυψω,
952 240 1025 282 δῖα
1054 236 1219 286 θεάων,

211 298 258 341 ἓν
286 297 438 354 θρόνῳ
471 297 689 352 ἱδρύσασα
719 298 910 352 φαεινῷ,
944 294 1213 351 σιγαλόεντι·

286 399 505 445 hospitaliter
529 404 700 445 exceptus
724 398 884 432 mandata
908 397 952 431 ad
977 396 1067 431 illam
1092 397 1226 443 perfert
1251 396 1457 433 Merfficuriu

283 478 455 528 ,,Τίπτε
484 494 582 533 μοι,
610 475 786 531 Ἑρμεία
815 475 1113 530 χρυσόρραπι,
1144 473 1424 530 εἰλήλουθας,

214 532 383 582 αἰδοῖός
410 550 478 585 τε,
513 536 641 588 φίλος
668 550 735 583 τε,-
771 533 912 584 πάρος
941 549 989 586 γε
1019 533 1097 587 μὲν
1128 531 1226 575 οὔτι
1253 533 1463 586 θαμίζεις.

213 590 328 633 αὔδα
358 591 383 633 ὅ
413 607 454 633 τι
483 592 704 645 φρονέεις·
742 591 909 632 τελέσαι
939 589 985 632 δέ
1017 605 1068 644 με
1098 590 1242 642 θυμὸς
1272 587 1454 642 ἄνωγεν..

129 655 183 694 90
213 648 249 690 εἰ
280 647 472 701 δύναμαι
501 648 667 689 τελέσαι
696 662 767 700 γε,
796 646 872 689 καὶ
901 647 937 688 εἰ
964 645 1266 698 τετελεσμένον
1295 645 1446 687 ἐστίν.6

213 702 334 756 [ἀλλ’
367 703 466 746 ἕπεο
495 704 720 757 προτέρω,
750 704 823 744 ἴια
855 719 924 745 τοι
953 701 1041 755 πιὶρ
1073 704 1206 753 ξείνια
1235 703 1352 744 θείω.
1367 704 1380 755 ]

279 759 364 810 ἾΩς
394 760 479 812 ἄρα
510 759 752 814 φωνήσασα
782 757 864 801 θεα
892 758 1113 814 παρέθηκε
1143 757 1372 811 τραπεζαν,

213 815 455 886 ἀμβροσίης
483 816 705 876 πλήσασα,
737 816 919 871 κέρασσε
949 816 994 858 δὲ
1025 816 1181 868 νέκταρ
1218 815 1423 868 ἐρυθρόν.

213 871 352 925 αὐτὰρ
383 871 406 915 ὁ
441 877 537 915 πῖνε
570 873 644 915 καὶ
673 869 806 929 ἦσθε,
847 871 1076 926 διάκτορος
1105 871 1423 927 Λργειφόντης,

129 934 184 976 95
218 927 382 982 [αὐτὰρ
414 928 505 971 ἐπεὶ
537 929 758 984 δείπνησε,
792 929 866 972 καὶ
897 927 1032 984 ἤραρε
1061 929 1210 984 θυμὸν
1238 929 1399 984 ἐδωδῃ,
1412 930 1426 981 ]

194 986 286 1029 καὶ
312 983 408 1028 τότε
438 985 491 1041 δή
521 1002 602 1056 μιν
631 987 802 1029 ἔπεσσιν
835 985 1122 1055 αμειβόμενος
1149 986 1424 1038 προσέειπεν·

290 1043 526 1099 ,,Ει’ρωτας
554 1040 602 1097 μ’
633 1043 840 1092 ἐλθόντα,
871 1042 978 1091 θεα,
1008 1041 1141 1086 θεόν
1173 1040 1313 1097 αὐταρ
1348 1040 1431 1099 ἐγώ
1460 1057 1528 1084 τοι

211 1099 464 1169 νημερτέως
484 1098 561 1142 τὸν
591 1103 740 1153 μῦθον
769 1099 1010 1153 ἐνισπήσω·
1042 1099 1186 1142 κέλεαι
1213 1099 1311 1152 γάρ.

158 1191 163 1194 .
212 1155 321 1206 Ζεὺς
341 1154 464 1225 ἐμέγ’
480 1153 657 1224 η’νώγει
689 1154 815 1209 δεῦρ’
852 1156 1030 1208 ἐλθέμεν
1061 1155 1143 1198 οὐκ
1174 1156 1328 1198 ἐθέλον
1322 1170 1409 1198 τα·

215 1213 280 1261 τίς
310 1208 352 1253 δ’
386 1210 442 1253 ἂν
473 1210 584 1253 έκων
613 1213 822 1256 τοσσόνδε
853 1211 1089 1266 διαδραμοι
1121 1210 1318 1281 αλμυρὸν
1348 1212 1468 1265 ὕδωρ

213 1267 423 1318 ἄσπετον,
457 1267 560 1310 οὐδέ
589 1285 653 1319 τις
684 1268 776 1324 ἄγχι
810 1272 986 1324 βροτωυ
1014 1268 1164 1319 πόλις,
1201 1270 1290 1312 οἵτε
1319 1274 1491 1313 θεοῖσιν

214 1323 308 1393 ἱερά
336 1340 381 1367 τε
412 1323 586 1378 ῥέζουσι
615 1325 688 1368 καὶ
719 1326 913 1377 ἐξαίτους
943 1325 1196 1393 εκατόμβας.

212 1377 322 1423 ιιλλα
351 1380 459 1436 μάλ’
490 1380 639 1432 οὔπως
675 1383 765 1425 ἔστι
789 1383 898 1432 Διὸς
927 1380 1037 1424 νόον
1067 1381 1283 1452 αἰγιόχοιο

214 1436 315 1480 οὔτε
345 1438 626 1491 παρεξελθεῖν
656 1438 789 1481 ἄλλον
819 1438 952 1490 θεὸν,
989 1437 1093 1481 οὔθ’
1125 1437 1323 1481 ἁλιῶσαι.

104 1496 183 1538 105
216 1495 325 1560 φησί
353 1510 422 1535 τοι
452 1493 594 1547 ἄνδρα
624 1499 830 1549 παρεῖναι
860 1493 1157 1547 ὀιζυρώτατον
1188 1494 1332 1537 ἄλλων

210 1553 301 1592 τῶν
331 1548 527 1602 ανδρων,
559 1553 603 1593 οἱ
633 1551 743 1594 ἄστυ
769 1553 868 1604 πέρι
900 1550 1123 1605 Πριάμοιο
1154 1551 1346 1606 μάχοντο

209 1605 414 1659 εἰνάετες,
446 1605 609 1675 δεκάτῳ
642 1608 688 1650 δὲ
717 1607 846 1651 πόλιν
875 1607 1112 1663 πέρσαντες
1142 1608 1303 1664 ἔβησαν

210 1661 385 1716 οἴκαδ’,
413 1679 522 1719 αταρ
552 1663 600 1707 ἐν
627 1665 771 1722 νόστῳ
795 1663 1032 1722 Ἀθηναίην
1060 1664 1274 1716 ἀλίτοντο,

895 1812 1012 1846 ρασε-
1029 1799 1123 1835 κατὰ
1140 1798 1208 1835 τόν
1218 1798 1476 1843 Ἀριστοτέλην,
1495 1793 1585 1838 ὡςὸ
1604 1797 1703 1853 Πορ-

896 1860 1032 1890 &voto-3
1054 1846 1165 1891 λέγει,
1193 1845 1236 1881 οὐ
1262 1845 1379 1890 μόνον
1404 1849 1514 1890 δηλοῖ
1535 1842 1576 1878 τὸ
1601 1843 1704 1886 μῖξαι

895 1892 993 1952 ἄλλῳ
1015 1892 1136 1939 ὑγρῷ,
1166 1891 1257 1928 αλλὰ
1279 1893 1343 1928 καὶ
1366 1892 1408 1928 τὸ
1434 1892 1553 1937 ἐγχέαι
1575 1889 1706 1933 ψιλῶς·

895 1960 938 1965 -
965 1935 1098 1984 ησθε.
1132 1937 1172 1982 ζ’,
1205 1940 1287 1981 249,
1322 1937 1370 1985 η’,
1402 1941 1467 1975 177
1493 1943 1561 1973 etc.
1594 1934 1706 1981 ἤσθιε

895 1987 983 2021 dixit
1009 1986 1046 2028 ι’,
1071 1988 1149 2021 292.
1175 1990 1210 2020 et
1235 1986 1332 2020 alias

940 2034 997 2067 95.
1031 2043 1148 2067 versus
1183 2032 1275 2065 haud
1310 2031 1415 2066 dubie
1453 2031 1628 2065 sublectus
1659 2025 1705 2070 ξ’,

897 2081 974 2114 111.
1000 2091 1075 2112 nam
1100 2079 1159 2112 hic
1183 2090 1295 2122 neque
1328 2078 1483 2113 δεῖπνον
1515 2077 1644 2120 agitur,
1669 2080 1707 2107 et

896 2125 1058 2170 displicet
1088 2124 1141 2158 bis
1170 2124 1299 2157 illatum
1324 2121 1456 2167 αὔτάρ.
1497 2121 1706 2157 anteceden-

896 2176 963 2204 tem
997 2182 1134 2216 quoque
1164 2181 1300 2204 versum
1333 2171 1540 2204 damnabant
1570 2167 1707 2213 quidam

897 2222 983 2251 vett.
1009 2217 1136 2251 δυΙιυΙΙ.
1174 2216 1271 2250 Harl.
1298 2221 1334 2250 et
1358 2217 1404 2250 H.
1429 2216 1474 2250 ad
1498 2214 1555 2250 94.
1580 2218 1617 2248 et
1648 2213 1707 2248 95-

896 2264 1027 2307 (neque
1051 2264 1138 2297 enim
1159 2263 1227 2296 alio
1251 2263 1336 2296 haec
1362 2262 1535 2307 pertinere
1553 2263 1707 2313 possunt,

898 2312 988 2354 quod
1013 2310 1215 2343 intellexere
1239 2308 1416 2342 Porsonus
1439 2313 1476 2342 et
1499 2307 1576 2352 Ν)·
1609 2302 1708 2341 εὐτε-

896 2359 968 2395 λεῖς
992 2356 1087 2390 κατά
1121 2354 1189 2398 τήν
1216 2353 1394 2390 σύνθεσιν
1426 2349 1609 2390 καὶκατὰ
1641 2349 1709 2396 τήν

895 2401 1067 2438 διάνοιαν
1086 2401 1121 2436 οἱ
1142 2403 1267 2457 στίχοι.

951 2451 1080 2482 101-
1102 2451 1181 2484 111.
1233 2454 1473 2487 ασπετον,
1519 2442 1709 2488 ineffabile,

894 2494 1099 2529 immensum.
1132 2495 1174 2530 ΙΙ.
1207 2491 1262 2536 β’,
1299 2493 1368 2528 455
1401 2498 1471 2527 etc.
1498 2509 1544 2516 -—
1577 2489 1708 2544 ἐξαί-

896 2554 1012 2580 τους
1046 2553 1107 2576 εκ.
1130 2539 1172 2582 τ’,
1196 2540 1278 2582 366,
1302 2537 1350 2584 β’,
1373 2540 1441 2575 307
1466 2540 1532 2571 etc.
1558 2555 1602 2561 —
1638 2531 1711 2569 αλ-

899 2585 952 2623 λοὶ
985 2586 1130 2641 μάλα,
1172 2583 1265 2622 αλλὰ
1298 2584 1359 2630 δή.
1397 2585 1442 2618 cf.
1475 2581 1523 2629 β’,
1547 2583 1615 2617 305
1640 2588 1709 2615 etc.

900 2653 947 2658 —
981 2631 1099 2673 Διὸς
1141 2634 1234 2677 αἰγ.
1276 2630 1314 2674 ι’,
1324 2599 1439 2671 η275,
1478 2629 1518 2663 ΙΙ.
1552 2625 1608 2669 α’,
1641 2628 1712 2662 202

901 2685 967 2714 etc.
979 2700 1023 2704 —
1046 2681 1389 2732 παρεξελθεῖν,
1412 2676 1606 2720 negligere.
1633 2674 1712 2714 138,

902 2727 943 2760 ΙΙ.
969 2724 1013 2769 κ’,
1044 2726 1124 2762 344.
1150 2746 1196 2751 ——
1230 2726 1295 2759 H.:
1321 2720 1538 2759 amdam.
1571 2720 1632 2764 (ΙΙ.
1659 2718 1712 2760 π’,

903 2773 1014 2817 737.)
1059 2771 1282 2816 ματαιιὸσαι.
1316 2789 1363 2795 -
1408 2765 1492 2810 ὄϊζ
1537 2764 1712 2807 αλλων,

900 2820 1130 2853 miserrimum
1155 2823 1238 2852 ante
1270 2817 1369 2852 alios.
1412 2814 1512 2849 Plato
1545 2814 1589 2847 de
1622 2813 1712 2856 Rep-

903 2868 959 2907 10,
992 2867 1073 2901 603.
1098 2866 1160 2899 D.=
1201 2862 1320 2917 ρᾷστα
1353 2861 1446 2897 οἴσει
1476 2860 1551 2896 τῶν
1582 2856 1713 2895 ἄλλων.

51 2904 147 2942 ἔστιν
159 2921 226 2943 ουν
243 2909 327 2944 ἀντὶ
349 2911 417 2945 τοῦ
437 2908 586 2953 ἐνέχεεν,
610 2907 684 2945 und
708 2913 774 2954 τῆς
792 2909 858 2955 ἀρ·
903 2913 948 2945 ct.
976 2909 1021 2953 o',
1047 2912 1123 2951 108,
1148 2911 1187 2946 ΙΙ.
1209 2907 1263 2952 ψ’,
1288 2909 1366 2944 532.
1391 2914 1428 2942 et
1451 2919 1547 2963 quae
1563 2906 1631 2940 alia
1648 2907 1714 2940 ho-

50 2955 155 2998 χαίοις
168 2959 388 3000 συνηθείας·
412 2955 585 2998 εἰςκέρας
596 2956 675 3014 γὰρ
679 2954 860 3002 ἐγχέοντες
904 2969 980 2992 rum
1005 2958 1132 2991 similia
1156 2957 1189 2992 N
1215 2954 1414 2999 adscripsit.
1438 2973 1482 2979 —-
1525 2951 1659 2990 αλιτο
1671 2966 1714 2987 ν-

51 2999 190 3038 ἔπινον.
213 3003 577 3049 (similiterE.et}1.)
610 3001 633 3049 ἢ
655 3003 712 3040 ὅτι
728 3004 771 3041 τὸ
794 3004 862 3041 κε’-
907 3017 972 3040 το.
997 3001 1044 3050 6¹,
1068 3005 1150 3040 378.
1174 3002 1379 3043 summatim,
1400 3004 1440 3036 ut
1463 3011 1550 3047 opus
1573 3005 1640 3045 est,
1662 3001 1716 3035 fn-
