<?xml version="1.0" encoding="UTF-8"?>
<!DOCTYPE html PUBLIC "-//W3C//DTD XHTML 1.0 Transitional//EN"
    "http://www.w3.org/TR/xhtml1/DTD/xhtml1-transitional.dtd">
<html xmlns="http://www.w3.org/1999/xhtml" xml:lang="en" lang="en">
 <head>
  <title>
</title>
<meta http-equiv="Content-Type" content="text/html;charset=utf-8" />
  <meta name='ocr-system' content='tesseract 3.04.00' />
  <meta name='ocr-capabilities' content='ocr_page ocr_carea ocr_par ocr_line ocrx_word'/>
</head>
<body>
  <div class='ocr_page' id='page_1' title='image "./carmina03home/carmina03home_0344.png"; bbox 0 0 1856 3282; ppageno 0'>
   <div class='ocr_carea' id='block_1_1' title="bbox 99 138 155 176">
    <p class='ocr_par' dir='ltr' id='par_1_1' title="bbox 99 138 155 176">
     <span class='ocr_line' id='line_1_1' title="bbox 99 138 155 176; baseline 0 0"><span class='ocrx_word' id='word_1_1' title='bbox 99 138 155 176; x_wconf 76' lang='lat'><strong><em>7⁰</em></strong></span> 
     </span>
    </p>
   </div>
   <div class='ocr_carea' id='block_1_2' title="bbox 734 131 1131 174">
    <p class='ocr_par' dir='ltr' id='par_1_2' title="bbox 734 131 1131 174">
     <span class='ocr_line' id='line_1_2' title="bbox 734 131 1131 174; baseline -0.008 0"><span class='ocrx_word' id='word_1_2' title='bbox 734 131 1131 174; x_wconf 71' lang='grc' dir='ltr'><em>ΟΜΗΡΟΥ</em></span> 
     </span>
    </p>
   </div>
   <div class='ocr_carea' id='block_1_3' title="bbox 157 237 1561 649">
    <p class='ocr_par' dir='ltr' id='par_1_3' title="bbox 157 237 1561 634">
     <span class='ocr_line' id='line_1_3' title="bbox 271 237 1448 310; baseline -0.002 -26"><span class='ocrx_word' id='word_1_3' title='bbox 271 241 385 296; x_wconf 78' lang='grc' dir='ltr'><strong><em>ἀμφὶ</em></strong></span> <span class='ocrx_word' id='word_1_4' title='bbox 415 239 458 284; x_wconf 83' lang='grc' dir='ltr'><strong><em>δ’</em></strong></span> <span class='ocrx_word' id='word_1_5' title='bbox 493 239 579 294; x_wconf 76' lang='grc' dir='ltr'><strong><em>ἄρα</em></strong></span> <span class='ocrx_word' id='word_1_6' title='bbox 607 240 803 310; x_wconf 79' lang='grc' dir='ltr'><strong><em>χλαίνας</em></strong></span> <span class='ocrx_word' id='word_1_7' title='bbox 813 239 946 291; x_wconf 83' lang='grc' dir='ltr'><strong><em>οὔλας</em></strong></span> <span class='ocrx_word' id='word_1_8' title='bbox 974 238 1107 309; x_wconf 88' lang='grc' dir='ltr'><strong><em>βαλεν</em></strong></span> <span class='ocrx_word' id='word_1_9' title='bbox 1135 237 1212 294; x_wconf 75' lang='grc' dir='ltr'><strong><em>ἥδε</em></strong></span> <span class='ocrx_word' id='word_1_10' title='bbox 1240 241 1448 306; x_wconf 78' lang='grc' dir='ltr'><strong><em>χιτῶνας·</em></strong></span> 
     </span>
     <span class='ocr_line' id='line_1_4' title="bbox 271 294 1561 369; baseline -0.002 -28"><span class='ocrx_word' id='word_1_11' title='bbox 271 295 564 369; x_wconf 83' lang='grc' dir='ltr'><strong><em>δαινυμένους</em></strong></span> <span class='ocrx_word' id='word_1_12' title='bbox 591 296 632 341; x_wconf 84' lang='grc' dir='ltr'><strong><em>δ’</em></strong></span> <span class='ocrx_word' id='word_1_13' title='bbox 665 299 714 340; x_wconf 84' lang='grc' dir='ltr'><strong><em>εὐ</em></strong></span> <span class='ocrx_word' id='word_1_14' title='bbox 742 295 909 346; x_wconf 86' lang='grc' dir='ltr'><strong><em>πάντας</em></strong></span> <span class='ocrx_word' id='word_1_15' title='bbox 939 295 1183 365; x_wconf 76' lang='grc' dir='ltr'><strong><em>ἐφεύρομεν</em></strong></span> <span class='ocrx_word' id='word_1_16' title='bbox 1212 295 1259 338; x_wconf 87' lang='grc' dir='ltr'><strong><em>ἐν</em></strong></span> <span class='ocrx_word' id='word_1_17' title='bbox 1291 294 1561 364; x_wconf 80' lang='grc' dir='ltr'><strong><em>μεγάροισιν.</em></strong></span> 
     </span>
     <span class='ocr_line' id='line_1_5' title="bbox 271 350 1462 409; baseline -0.003 -13"><span class='ocrx_word' id='word_1_18' title='bbox 271 355 316 396; x_wconf 84' lang='grc' dir='ltr'><strong><em>οἵ</em></strong></span> <span class='ocrx_word' id='word_1_19' title='bbox 345 352 388 397; x_wconf 87' lang='grc' dir='ltr'><strong><em>δ’</em></strong></span> <span class='ocrx_word' id='word_1_20' title='bbox 420 353 510 396; x_wconf 86' lang='grc' dir='ltr'><strong><em>ἐπεὶ</em></strong></span> <span class='ocrx_word' id='word_1_21' title='bbox 539 351 753 409; x_wconf 81' lang='grc' dir='ltr'><strong><em>ἀλλήλους</em></strong></span> <span class='ocrx_word' id='word_1_22' title='bbox 781 351 901 396; x_wconf 82' lang='grc' dir='ltr'><strong><em>εἶδον</em></strong></span> <span class='ocrx_word' id='word_1_23' title='bbox 930 350 1184 407; x_wconf 86' lang='grc' dir='ltr'><strong><em>φράσσαντό</em></strong></span> <span class='ocrx_word' id='word_1_24' title='bbox 1219 350 1259 394; x_wconf 81' lang='grc' dir='ltr'><strong><em>τ’</em></strong></span> <span class='ocrx_word' id='word_1_25' title='bbox 1291 350 1462 405; x_wconf 84' lang='grc' dir='ltr'><strong><em>ἐσάντα,</em></strong></span> 
     </span>
     <span class='ocr_line' id='line_1_6' title="bbox 269 382 1410 481; baseline -0.001 -29"><span class='ocrx_word' id='word_1_26' title='bbox 269 414 425 452; x_wconf 81' lang='grc' dir='ltr'><strong><em>κλαῖον</em></strong></span> <span class='ocrx_word' id='word_1_27' title='bbox 454 382 740 481; x_wconf 86' lang='grc' dir='ltr'><strong><em>ὀδυρόμενοι,</em></strong></span> <span class='ocrx_word' id='word_1_28' title='bbox 771 409 870 463; x_wconf 88' lang='grc' dir='ltr'><strong><em>περὶ</em></strong></span> <span class='ocrx_word' id='word_1_29' title='bbox 899 409 945 452; x_wconf 82' lang='grc' dir='ltr'><strong><em>δὲ</em></strong></span> <span class='ocrx_word' id='word_1_30' title='bbox 975 410 1242 474; x_wconf 82' lang='grc' dir='ltr'><strong><em>στεναχίζετο</em></strong></span> <span class='ocrx_word' id='word_1_31' title='bbox 1271 408 1410 463; x_wconf 80' lang='grc' dir='ltr'><strong><em>δῶμα.</em></strong></span> 
     </span>
     <span class='ocr_line' id='line_1_7' title="bbox 157 463 1330 523; baseline -0.004 -12"><span class='ocrx_word' id='word_1_32' title='bbox 157 468 242 511; x_wconf 88' lang='grc'><strong><em>455</em></strong></span> <span class='ocrx_word' id='word_1_33' title='bbox 269 465 296 523; x_wconf 85' lang='grc' dir='ltr'><strong><em>ἡ</em></strong></span> <span class='ocrx_word' id='word_1_34' title='bbox 326 467 373 510; x_wconf 78' lang='grc' dir='ltr'><strong><em>δέ</em></strong></span> <span class='ocrx_word' id='word_1_35' title='bbox 401 482 482 521; x_wconf 86' lang='grc' dir='ltr'><strong><em>μευ</em></strong></span> <span class='ocrx_word' id='word_1_36' title='bbox 512 465 610 522; x_wconf 74' lang='grc' dir='ltr'><strong><em>ἄγχι.</em></strong></span> <span class='ocrx_word' id='word_1_37' title='bbox 639 470 774 509; x_wconf 85' lang='grc' dir='ltr'><strong><em>στᾶσα</em></strong></span> <span class='ocrx_word' id='word_1_38' title='bbox 803 464 1031 520; x_wconf 79' lang='grc' dir='ltr'><strong><em>προσηύδα</em></strong></span> <span class='ocrx_word' id='word_1_39' title='bbox 1059 466 1133 508; x_wconf 84' lang='grc' dir='ltr'><strong><em>δῖα</em></strong></span> <span class='ocrx_word' id='word_1_40' title='bbox 1161 463 1330 507; x_wconf 85' lang='grc' dir='ltr'><strong><em>θεάων·</em></strong></span> 
     </span>
     <span class='ocr_line' id='line_1_8' title="bbox 350 518 1449 592; baseline -0.004 -26"><span class='ocrx_word' id='word_1_41' title='bbox 350 523 591 592; x_wconf 90' lang='grc' dir='ltr'><strong><em>,,Διογενες</em></strong></span> <span class='ocrx_word' id='word_1_42' title='bbox 620 521 889 591; x_wconf 82' lang='grc' dir='ltr'><strong><em>Λαερτιάδη,</em></strong></span> <span class='ocrx_word' id='word_1_43' title='bbox 922 518 1195 592; x_wconf 82' lang='grc' dir='ltr'><strong><em>πολυμήχαν’</em></strong></span> <span class='ocrx_word' id='word_1_44' title='bbox 1220 519 1449 571; x_wconf 83' lang='grc' dir='ltr'><strong><em>Ὀδυσσεῦ,</em></strong></span> 
     </span>
     <span class='ocr_line' id='line_1_9' title="bbox 272 573 1489 649; baseline -0.003 -27"><span class='ocrx_word' id='word_1_45' title='bbox 272 578 425 649; x_wconf 79' lang='grc' dir='ltr'><strong><em>μηκέτι</em></strong></span> <span class='ocrx_word' id='word_1_46' title='bbox 452 583 537 623; x_wconf 85' lang='grc' dir='ltr'><strong><em>νῦν</em></strong></span> <span class='ocrx_word' id='word_1_47' title='bbox 565 579 756 631; x_wconf 81' lang='grc' dir='ltr'><strong><em>θαλερόν</em></strong></span> <span class='ocrx_word' id='word_1_48' title='bbox 784 577 893 634; x_wconf 93' lang='grc' dir='ltr'><strong><em>γόον</em></strong></span> <span class='ocrx_word' id='word_1_49' title='bbox 923 577 1105 630; x_wconf 79' lang='grc' dir='ltr'><strong><em>ὄρνυτε·</em></strong></span> <span class='ocrx_word' id='word_1_50' title='bbox 1135 575 1234 620; x_wconf 80' lang='grc' dir='ltr'><strong><em>οἶδα</em></strong></span> <span class='ocrx_word' id='word_1_51' title='bbox 1263 576 1335 618; x_wconf 87' lang='grc' dir='ltr'><strong><em>καὶ</em></strong></span> <span class='ocrx_word' id='word_1_52' title='bbox 1365 573 1489 631; x_wconf 82' lang='grc' dir='ltr'><strong><em>αὐτὴ,</em></strong></span> 
     </span>
    </p>
   </div>
   <div class='ocr_carea' id='block_1_4' title="bbox 272 633 921 706">
    <p class='ocr_par' dir='ltr' id='par_1_4' title="bbox 272 633 921 706">
     <span class='ocr_line' id='line_1_10' title="bbox 272 633 921 706; baseline 0 -28"><span class='ocrx_word' id='word_1_53' title='bbox 272 634 382 706; x_wconf 78' lang='grc' dir='ltr'><strong><em>ἦμεν</em></strong></span> <span class='ocrx_word' id='word_1_54' title='bbox 410 634 477 678; x_wconf 78' lang='lat'><strong><em>66³</em></strong></span> <span class='ocrx_word' id='word_1_55' title='bbox 510 636 556 679; x_wconf 85' lang='grc' dir='ltr'><strong><em>ἐν</em></strong></span> <span class='ocrx_word' id='word_1_56' title='bbox 585 634 731 691; x_wconf 87' lang='grc' dir='ltr'><strong><em>πόντῳ</em></strong></span> <span class='ocrx_word' id='word_1_57' title='bbox 763 633 921 678; x_wconf 80' lang='grc' dir='ltr'><strong><em>πάθετ’</em></strong></span> 
     </span>
    </p>
   </div>
   <div class='ocr_carea' id='block_1_5' title="bbox 954 631 1350 704">
    <p class='ocr_par' dir='ltr' id='par_1_5' title="bbox 954 631 1350 704">
     <span class='ocr_line' id='line_1_11' title="bbox 954 631 1350 704; baseline -0.008 -27"><span class='ocrx_word' id='word_1_58' title='bbox 954 634 1087 688; x_wconf 79' lang='grc' dir='ltr'><strong><em>αλγεα</em></strong></span> <span class='ocrx_word' id='word_1_59' title='bbox 1117 631 1350 704; x_wconf 81' lang='grc' dir='ltr'><strong><em>ἰχθυόεντι,</em></strong></span> 
     </span>
    </p>
   </div>
   <div class='ocr_carea' id='block_1_6' title="bbox 159 680 1641 1368">
    <p class='ocr_par' dir='ltr' id='par_1_6' title="bbox 159 680 1627 1368">
     <span class='ocr_line' id='line_1_12' title="bbox 273 680 1450 761; baseline -0.003 -27"><span class='ocrx_word' id='word_1_60' title='bbox 273 690 346 761; x_wconf 80' lang='grc' dir='ltr'><strong><em>ηδ’</em></strong></span> <span class='ocrx_word' id='word_1_61' title='bbox 374 691 444 736; x_wconf 83' lang='lat'><strong><em>66&#39;</em></strong></span> <span class='ocrx_word' id='word_1_62' title='bbox 475 689 682 746; x_wconf 77' lang='grc' dir='ltr'><strong><em>ἀνάρσιοι</em></strong></span> <span class='ocrx_word' id='word_1_63' title='bbox 706 680 864 743; x_wconf 76' lang='grc' dir='ltr'><strong><em>ἄνδρες</em></strong></span> <span class='ocrx_word' id='word_1_64' title='bbox 896 690 1150 747; x_wconf 79' lang='grc' dir='ltr'><strong><em>ἐδηλήσαντ’</em></strong></span> <span class='ocrx_word' id='word_1_65' title='bbox 1182 689 1251 732; x_wconf 86' lang='grc' dir='ltr'><strong><em>ἐπὶ</em></strong></span> <span class='ocrx_word' id='word_1_66' title='bbox 1280 688 1450 749; x_wconf 85' lang='grc' dir='ltr'><strong><em>χέρσον.</em></strong></span> 
     </span>
     <span class='ocr_line' id='line_1_13' title="bbox 159 747 1461 804; baseline -0.002 -13"><span class='ocrx_word' id='word_1_67' title='bbox 159 749 242 795; x_wconf 89' lang='grc'><strong><em>460</em></strong></span> <span class='ocrx_word' id='word_1_68' title='bbox 273 747 373 791; x_wconf 71' lang='grc' dir='ltr'><strong><em>ἀλλ’</em></strong></span> <span class='ocrx_word' id='word_1_69' title='bbox 403 747 547 809; x_wconf 77' lang='grc' dir='ltr'><strong><em>ἄγετ’,</em></strong></span> <span class='ocrx_word' id='word_1_70' title='bbox 584 748 746 792; x_wconf 76' lang='grc' dir='ltr'><strong><em>ἐσθίετε</em></strong></span> <span class='ocrx_word' id='word_1_71' title='bbox 775 748 978 804; x_wconf 82' lang='grc' dir='ltr'><strong><em>βρώμην</em></strong></span> <span class='ocrx_word' id='word_1_72' title='bbox 1013 748 1087 791; x_wconf 80' lang='grc' dir='ltr'><strong><em>καὶ</em></strong></span> <span class='ocrx_word' id='word_1_73' title='bbox 1115 747 1259 789; x_wconf 86' lang='grc' dir='ltr'><strong><em>πίνετε</em></strong></span> <span class='ocrx_word' id='word_1_74' title='bbox 1289 750 1428 796; x_wconf 84' lang='grc' dir='ltr'><strong><em>οἰνον,</em></strong></span> <span class='ocrx_word' id='word_1_75' title='bbox 1457 767 1461 769; x_wconf 52' lang='lat'>&gt;</span> 
     </span>
     <span class='ocr_line' id='line_1_14' title="bbox 275 801 1300 860; baseline -0.002 -13"><span class='ocrx_word' id='word_1_76' title='bbox 275 803 444 847; x_wconf 83' lang='grc' dir='ltr'><strong><em>εἰσόκεν</em></strong></span> <span class='ocrx_word' id='word_1_77' title='bbox 474 801 598 854; x_wconf 82' lang='grc' dir='ltr'><strong><em>αὖτις</em></strong></span> <span class='ocrx_word' id='word_1_78' title='bbox 625 804 774 859; x_wconf 84' lang='grc' dir='ltr'><strong><em>θυμὸν</em></strong></span> <span class='ocrx_word' id='word_1_79' title='bbox 804 805 868 848; x_wconf 83' lang='grc' dir='ltr'><strong><em>ἐνὶ</em></strong></span> <span class='ocrx_word' id='word_1_80' title='bbox 896 804 1100 860; x_wconf 80' lang='grc' dir='ltr'><strong><em>στήθεσσι</em></strong></span> <span class='ocrx_word' id='word_1_81' title='bbox 1129 803 1300 857; x_wconf 84' lang='grc' dir='ltr'><strong><em>λάβητε,</em></strong></span> 
     </span>
     <span class='ocr_line' id='line_1_15' title="bbox 276 859 1337 932; baseline -0.004 -28"><span class='ocrx_word' id='word_1_82' title='bbox 276 859 373 904; x_wconf 84' lang='grc' dir='ltr'><strong><em>οἷον</em></strong></span> <span class='ocrx_word' id='word_1_83' title='bbox 402 859 473 903; x_wconf 84' lang='grc' dir='ltr'><strong><em>ὅτε</em></strong></span> <span class='ocrx_word' id='word_1_84' title='bbox 492 859 748 932; x_wconf 73' lang='grc' dir='ltr'><strong><em>πρώτιστον</em></strong></span> <span class='ocrx_word' id='word_1_85' title='bbox 778 861 960 904; x_wconf 77' lang='grc' dir='ltr'><strong><em>ἐλείπετε</em></strong></span> <span class='ocrx_word' id='word_1_86' title='bbox 988 861 1177 914; x_wconf 88' lang='grc' dir='ltr'><strong><em>πατρίδα</em></strong></span> <span class='ocrx_word' id='word_1_87' title='bbox 1204 864 1337 915; x_wconf 86' lang='grc' dir='ltr'><strong><em>γαῖαν</em></strong></span> 
     </span>
     <span class='ocr_line' id='line_1_16' title="bbox 274 916 1417 981; baseline -0.003 -21"><span class='ocrx_word' id='word_1_88' title='bbox 274 918 470 971; x_wconf 85' lang='grc' dir='ltr'><strong><em>τρηχείης</em></strong></span> <span class='ocrx_word' id='word_1_89' title='bbox 492 916 687 971; x_wconf 81' lang='grc' dir='ltr'><strong><em>Ἰθάκης·</em></strong></span> <span class='ocrx_word' id='word_1_90' title='bbox 718 919 804 960; x_wconf 83' lang='grc' dir='ltr'><strong><em>νῦν</em></strong></span> <span class='ocrx_word' id='word_1_91' title='bbox 835 916 878 960; x_wconf 86' lang='grc' dir='ltr'><strong><em>δ’</em></strong></span> <span class='ocrx_word' id='word_1_92' title='bbox 910 916 1105 966; x_wconf 85' lang='grc' dir='ltr'><strong><em>ασκελέες</em></strong></span> <span class='ocrx_word' id='word_1_93' title='bbox 1133 916 1206 958; x_wconf 81' lang='grc' dir='ltr'><strong><em>καὶ</em></strong></span> <span class='ocrx_word' id='word_1_94' title='bbox 1236 916 1417 981; x_wconf 84' lang='grc' dir='ltr'><strong><em>ἄθυμοι,</em></strong></span> 
     </span>
     <span class='ocr_line' id='line_1_17' title="bbox 278 969 1443 1044; baseline -0.004 -27"><span class='ocrx_word' id='word_1_95' title='bbox 278 975 361 1017; x_wconf 84' lang='grc' dir='ltr'><strong><em>αἰεὶ</em></strong></span> <span class='ocrx_word' id='word_1_96' title='bbox 385 973 496 1044; x_wconf 78' lang='grc' dir='ltr'><strong><em>ἄλης</em></strong></span> <span class='ocrx_word' id='word_1_97' title='bbox 525 977 727 1040; x_wconf 84' lang='grc' dir='ltr'><strong><em>χαλεπῆς</em></strong></span> <span class='ocrx_word' id='word_1_98' title='bbox 743 974 1029 1028; x_wconf 82' lang='grc' dir='ltr'><strong><em>μεμνημένοι,</em></strong></span> <span class='ocrx_word' id='word_1_99' title='bbox 1061 971 1163 1015; x_wconf 77' lang='grc' dir='ltr'><strong><em>οὐδὲ</em></strong></span> <span class='ocrx_word' id='word_1_100' title='bbox 1193 970 1303 1014; x_wconf 86' lang='grc' dir='ltr'><strong><em>ποθ’</em></strong></span> <span class='ocrx_word' id='word_1_101' title='bbox 1334 969 1443 1025; x_wconf 78' lang='grc' dir='ltr'><strong><em>ύμῖν</em></strong></span> 
     </span>
     <span class='ocr_line' id='line_1_18' title="bbox 161 1026 1546 1100; baseline -0.005 -25"><span class='ocrx_word' id='word_1_102' title='bbox 161 1033 244 1075; x_wconf 88' lang='grc'><strong><em>465</em></strong></span> <span class='ocrx_word' id='word_1_103' title='bbox 274 1028 419 1083; x_wconf 83' lang='grc' dir='ltr'><strong><em>θυμὸς</em></strong></span> <span class='ocrx_word' id='word_1_104' title='bbox 448 1030 495 1072; x_wconf 84' lang='grc' dir='ltr'><strong><em>ἐν</em></strong></span> <span class='ocrx_word' id='word_1_105' title='bbox 525 1028 807 1100; x_wconf 79' lang='grc' dir='ltr'><strong><em>εὐφροσύνῃ,</em></strong></span> <span class='ocrx_word' id='word_1_106' title='bbox 839 1029 958 1086; x_wconf 78' lang='grc' dir='ltr'><strong><em>ἐπειὴ</em></strong></span> <span class='ocrx_word' id='word_1_107' title='bbox 988 1027 1103 1085; x_wconf 83' lang='grc' dir='ltr'><strong><em>μάλα</em></strong></span> <span class='ocrx_word' id='word_1_108' title='bbox 1132 1028 1270 1070; x_wconf 82' lang='grc' dir='ltr'><strong><em>πολλὰ</em></strong></span> <span class='ocrx_word' id='word_1_109' title='bbox 1300 1026 1546 1069; x_wconf 81' lang='grc' dir='ltr'><strong><em>πέποσθε.“</em></strong></span> 
     </span>
     <span class='ocr_line' id='line_1_19' title="bbox 344 1080 1641 1153; baseline -0.004 -24.941"><span class='ocrx_word' id='word_1_110' title='bbox 344 1085 427 1136; x_wconf 78' lang='grc' dir='ltr'><strong><em>Ὡς</em></strong></span> <span class='ocrx_word' id='word_1_111' title='bbox 457 1085 619 1140; x_wconf 74' lang='grc' dir='ltr'><strong><em>ἔφαθ’·</em></strong></span> <span class='ocrx_word' id='word_1_112' title='bbox 656 1084 763 1153; x_wconf 82' lang='grc' dir='ltr'><strong><em>ἡμῖν</em></strong></span> <span class='ocrx_word' id='word_1_113' title='bbox 793 1085 833 1129; x_wconf 89' lang='grc' dir='ltr'><strong><em>δ’</em></strong></span> <span class='ocrx_word' id='word_1_114' title='bbox 866 1085 966 1128; x_wconf 81' lang='grc' dir='ltr'><strong><em>αὕτ’</em></strong></span> <span class='ocrx_word' id='word_1_115' title='bbox 997 1087 1248 1128; x_wconf 81' lang='grc' dir='ltr'><strong><em>ἐπεπείθετο</em></strong></span> <span class='ocrx_word' id='word_1_116' title='bbox 1279 1082 1422 1136; x_wconf 85' lang='grc' dir='ltr'><strong><em>θυμὸς</em></strong></span> <span class='ocrx_word' id='word_1_117' title='bbox 1452 1080 1641 1137; x_wconf 83' lang='grc' dir='ltr'><strong><em>ἀγήνωρ.</em></strong></span> 
     </span>
     <span class='ocr_line' id='line_1_20' title="bbox 277 1138 1450 1212; baseline -0.003 -28"><span class='ocrx_word' id='word_1_118' title='bbox 277 1141 387 1184; x_wconf 74' lang='grc' dir='ltr'><strong><em>ἔνθα</em></strong></span> <span class='ocrx_word' id='word_1_119' title='bbox 413 1158 491 1197; x_wconf 89' lang='grc' dir='ltr'><strong><em>μεν</em></strong></span> <span class='ocrx_word' id='word_1_120' title='bbox 518 1142 663 1196; x_wconf 81' lang='grc' dir='ltr'><strong><em>ἤματα</em></strong></span> <span class='ocrx_word' id='word_1_121' title='bbox 691 1140 833 1184; x_wconf 83' lang='grc' dir='ltr'><strong><em>πάντα</em></strong></span> <span class='ocrx_word' id='word_1_122' title='bbox 861 1144 1126 1212; x_wconf 85' lang='grc' dir='ltr'><strong><em>τελεσφόρον</em></strong></span> <span class='ocrx_word' id='word_1_123' title='bbox 1157 1143 1217 1190; x_wconf 83' lang='grc' dir='ltr'><strong><em>εἰς</em></strong></span> <span class='ocrx_word' id='word_1_124' title='bbox 1248 1138 1450 1183; x_wconf 80' lang='grc' dir='ltr'><strong><em>ἐνιαυτόν</em></strong></span> 
     </span>
     <span class='ocr_line' id='line_1_21' title="bbox 277 1191 1525 1270; baseline -0.004 -29"><span class='ocrx_word' id='word_1_125' title='bbox 277 1198 443 1270; x_wconf 85' lang='grc' dir='ltr'><strong><em>η’μεθα,</em></strong></span> <span class='ocrx_word' id='word_1_126' title='bbox 476 1197 731 1250; x_wconf 85' lang='grc' dir='ltr'><strong><em>δαινύμενοι</em></strong></span> <span class='ocrx_word' id='word_1_127' title='bbox 761 1198 868 1251; x_wconf 82' lang='grc' dir='ltr'><strong><em>κρέα</em></strong></span> <span class='ocrx_word' id='word_1_128' title='bbox 899 1197 939 1239; x_wconf 90' lang='grc' dir='ltr'><strong><em>τ’</em></strong></span> <span class='ocrx_word' id='word_1_129' title='bbox 972 1197 1136 1242; x_wconf 78' lang='grc' dir='ltr'><strong><em>ἄσπετα</em></strong></span> <span class='ocrx_word' id='word_1_130' title='bbox 1165 1197 1237 1239; x_wconf 79' lang='grc' dir='ltr'><strong><em>καὶ</em></strong></span> <span class='ocrx_word' id='word_1_131' title='bbox 1269 1196 1383 1250; x_wconf 84' lang='grc' dir='ltr'><strong><em>μέθυ</em></strong></span> <span class='ocrx_word' id='word_1_132' title='bbox 1413 1191 1525 1251; x_wconf 56' lang='lat'>6635·</span> 
     </span>
     <span class='ocr_line' id='line_1_22' title="bbox 276 1251 1570 1325; baseline -0.005 -27"><span class='ocrx_word' id='word_1_133' title='bbox 276 1254 373 1298; x_wconf 84' lang='grc' dir='ltr'><strong><em>ἀλλ’</em></strong></span> <span class='ocrx_word' id='word_1_134' title='bbox 407 1253 477 1298; x_wconf 81' lang='grc' dir='ltr'><strong><em>ὅτε</em></strong></span> <span class='ocrx_word' id='word_1_135' title='bbox 507 1255 560 1309; x_wconf 91' lang='grc' dir='ltr'><strong><em>δή</em></strong></span> <span class='ocrx_word' id='word_1_136' title='bbox 591 1253 636 1307; x_wconf 95' lang='lat'><strong><em>6&#39;</em></strong></span> <span class='ocrx_word' id='word_1_137' title='bbox 666 1254 864 1304; x_wconf 85' lang='grc' dir='ltr'><strong><em>ἐνιαυτὸς</em></strong></span> <span class='ocrx_word' id='word_1_138' title='bbox 895 1254 990 1325; x_wconf 79' lang='grc' dir='ltr'><strong><em>ἐήν,</em></strong></span> <span class='ocrx_word' id='word_1_139' title='bbox 1023 1254 1122 1305; x_wconf 89' lang='grc' dir='ltr'><strong><em>περὶ</em></strong></span> <span class='ocrx_word' id='word_1_140' title='bbox 1152 1251 1194 1296; x_wconf 84' lang='grc' dir='ltr'><strong><em>δ’</em></strong></span> <span class='ocrx_word' id='word_1_141' title='bbox 1225 1252 1413 1305; x_wconf 86' lang='grc' dir='ltr'><strong><em>ε’τραπον</em></strong></span> <span class='ocrx_word' id='word_1_142' title='bbox 1444 1252 1570 1302; x_wconf 79' lang='grc' dir='ltr'><strong><em>ὠραι,</em></strong></span> 
     </span>
     <span class='ocr_line' id='line_1_23' title="bbox 164 1307 1570 1368; baseline -0.003 -14"><span class='ocrx_word' id='word_1_143' title='bbox 164 1312 247 1356; x_wconf 85' lang='grc'><strong><em>470</em></strong></span> <span class='ocrx_word' id='word_1_144' title='bbox 279 1314 291 1364; x_wconf 94' lang='grc'>[</span> <span class='ocrx_word' id='word_1_145' title='bbox 301 1327 452 1368; x_wconf 85' lang='grc' dir='ltr'><strong><em>μηνων</em></strong></span> <span class='ocrx_word' id='word_1_146' title='bbox 482 1309 761 1367; x_wconf 86' lang='grc' dir='ltr'><strong><em>φθινόντων,</em></strong></span> <span class='ocrx_word' id='word_1_147' title='bbox 793 1310 892 1366; x_wconf 91' lang='grc' dir='ltr'><strong><em>περὶ</em></strong></span> <span class='ocrx_word' id='word_1_148' title='bbox 922 1309 962 1354; x_wconf 89' lang='grc' dir='ltr'><strong><em>δ’</em></strong></span> <span class='ocrx_word' id='word_1_149' title='bbox 994 1310 1138 1366; x_wconf 81' lang='grc' dir='ltr'><strong><em>ἤματα</em></strong></span> <span class='ocrx_word' id='word_1_150' title='bbox 1167 1309 1313 1365; x_wconf 82' lang='grc' dir='ltr'><strong><em>μακροὶ</em></strong></span> <span class='ocrx_word' id='word_1_151' title='bbox 1342 1307 1570 1362; x_wconf 84' lang='grc' dir='ltr'><strong><em>τελέσθη,]</em></strong></span> 
     </span>
    </p>
   </div>
   <div class='ocr_carea' id='block_1_7' title="bbox 93 1412 932 3024">
    <p class='ocr_par' dir='ltr' id='par_1_7' title="bbox 108 1412 914 1506">
     <span class='ocr_line' id='line_1_24' title="bbox 109 1412 914 1450; baseline 0.001 -1"><span class='ocrx_word' id='word_1_152' title='bbox 109 1415 183 1449; x_wconf 85' lang='grc' dir='ltr'><strong><em>Αιιι.</em></strong></span> <span class='ocrx_word' id='word_1_153' title='bbox 207 1414 270 1447; x_wconf 88' lang='grc' dir='ltr'><strong><em>Β.</em></strong></span> <span class='ocrx_word' id='word_1_154' title='bbox 295 1414 474 1449; x_wconf 87' lang='grc' dir='ltr'><strong><em>λουσεν.</em></strong></span> <span class='ocrx_word' id='word_1_155' title='bbox 509 1412 720 1449; x_wconf 78' lang='grc' dir='ltr'><strong><em>λούσασθαι</em></strong></span> <span class='ocrx_word' id='word_1_156' title='bbox 745 1412 914 1450; x_wconf 76' lang='grc' dir='ltr'><strong><em>ἐκέλευσε.</em></strong></span> 
     </span>
     <span class='ocr_line' id='line_1_25' title="bbox 108 1458 878 1506; baseline 0.004 -11"><span class='ocrx_word' id='word_1_157' title='bbox 108 1473 322 1506; x_wconf 80' lang='grc' dir='ltr'><strong><em>μετωνυμια</em></strong></span> <span class='ocrx_word' id='word_1_158' title='bbox 347 1459 387 1495; x_wconf 87' lang='grc' dir='ltr'><strong><em>ὁε</em></strong></span> <span class='ocrx_word' id='word_1_159' title='bbox 407 1458 589 1503; x_wconf 80' lang='grc' dir='ltr'><strong><em>ὃτρόπος.</em></strong></span> <span class='ocrx_word' id='word_1_160' title='bbox 616 1473 648 1494; x_wconf 88' lang='lat' dir='ltr'><strong>v.</strong></span> <span class='ocrx_word' id='word_1_161' title='bbox 671 1463 787 1496; x_wconf 83' lang='grc'><strong><em>361-</em></strong></span> <span class='ocrx_word' id='word_1_162' title='bbox 799 1462 878 1498; x_wconf 82' lang='lat'><strong><em>365</em></strong></span> 
     </span>
    </p>

    <p class='ocr_par' dir='ltr' id='par_1_8' title="bbox 93 1506 917 1781">
     <span class='ocr_line' id='line_1_26' title="bbox 154 1506 914 1543; baseline 0.001 -3"><span class='ocrx_word' id='word_1_163' title='bbox 154 1506 234 1541; x_wconf 84' lang='grc'><strong><em>453.</em></strong></span> <span class='ocrx_word' id='word_1_164' title='bbox 280 1507 330 1540; x_wconf 91' lang='lat' dir='ltr'><strong>sic</strong></span> <span class='ocrx_word' id='word_1_165' title='bbox 363 1508 402 1540; x_wconf 87' lang='grc' dir='ltr'><strong><em>Α.</em></strong></span> <span class='ocrx_word' id='word_1_166' title='bbox 435 1509 467 1541; x_wconf 97' lang='grc'><strong><em>1.</em></strong></span> <span class='ocrx_word' id='word_1_167' title='bbox 497 1506 586 1540; x_wconf 83' lang='lat' dir='ltr'><strong>inter</strong></span> <span class='ocrx_word' id='word_1_168' title='bbox 617 1518 738 1540; x_wconf 86' lang='lat' dir='ltr'><strong>versus</strong></span> <span class='ocrx_word' id='word_1_169' title='bbox 770 1519 790 1540; x_wconf 88' lang='lat' dir='ltr'><strong>a</strong></span> <span class='ocrx_word' id='word_1_170' title='bbox 815 1520 855 1543; x_wconf 91' lang='lat' dir='ltr'><strong>m.</strong></span> <span class='ocrx_word' id='word_1_171' title='bbox 884 1508 914 1540; x_wconf 93' lang='lat'>1</span> 
     </span>
     <span class='ocr_line' id='line_1_27' title="bbox 109 1551 916 1608; baseline -0.002 -21"><span class='ocrx_word' id='word_1_172' title='bbox 109 1553 225 1587; x_wconf 78' lang='lat' dir='ltr'><strong>HarL:</strong></span> <span class='ocrx_word' id='word_1_173' title='bbox 263 1551 543 1595; x_wconf 78' lang='grc' dir='ltr'><strong><em>φράσσαντό</em></strong></span> <span class='ocrx_word' id='word_1_174' title='bbox 576 1566 622 1587; x_wconf 87' lang='grc' dir='ltr'><strong><em>τε</em></strong></span> <span class='ocrx_word' id='word_1_175' title='bbox 647 1551 814 1587; x_wconf 81' lang='grc' dir='ltr'><strong><em>πάντα.</em></strong></span> <span class='ocrx_word' id='word_1_176' title='bbox 849 1553 916 1608; x_wconf 89' lang='lat' dir='ltr'><strong>(sic</strong></span> 
     </span>
     <span class='ocr_line' id='line_1_28' title="bbox 110 1596 898 1643; baseline 0.001 -12"><span class='ocrx_word' id='word_1_177' title='bbox 110 1598 244 1643; x_wconf 77' lang='lat' dir='ltr'><strong>vulgati</strong></span> <span class='ocrx_word' id='word_1_178' title='bbox 267 1599 375 1643; x_wconf 81' lang='lat' dir='ltr'><strong>libri.)</strong></span> <span class='ocrx_word' id='word_1_179' title='bbox 402 1599 440 1634; x_wconf 81' lang='grc' dir='ltr'><strong><em>ἐν</em></strong></span> <span class='ocrx_word' id='word_1_180' title='bbox 459 1596 553 1642; x_wconf 74' lang='grc' dir='ltr'><strong><em>ἄλλῳ</em></strong></span> <span class='ocrx_word' id='word_1_181' title='bbox 572 1596 755 1643; x_wconf 82' lang='grc' dir='ltr'><strong><em>γράφεται</em></strong></span> <span class='ocrx_word' id='word_1_182' title='bbox 781 1612 852 1643; x_wconf 86' lang='grc' dir='ltr'><strong><em>φρ.</em></strong></span> <span class='ocrx_word' id='word_1_183' title='bbox 878 1612 898 1632; x_wconf 87' lang='grc' dir='ltr'><strong><em>τ</em></strong></span> 
     </span>
     <span class='ocr_line' id='line_1_29' title="bbox 110 1643 917 1700; baseline -0.004 -20"><span class='ocrx_word' id='word_1_184' title='bbox 110 1643 294 1682; x_wconf 81' lang='grc' dir='ltr'><strong><em>ἐσαντα.</em></strong></span> <span class='ocrx_word' id='word_1_185' title='bbox 337 1646 400 1678; x_wconf 91' lang='lat' dir='ltr'><strong><em>hoc</em></strong></span> <span class='ocrx_word' id='word_1_186' title='bbox 425 1646 586 1700; x_wconf 87' lang='lat' dir='ltr'><strong>probavit</strong></span> <span class='ocrx_word' id='word_1_187' title='bbox 610 1646 762 1685; x_wconf 56' lang='lat' dir='ltr'><strong>Buttm„</strong></span> <span class='ocrx_word' id='word_1_188' title='bbox 789 1650 823 1679; x_wconf 90' lang='lat' dir='ltr'><strong><em>et</em></strong></span> <span class='ocrx_word' id='word_1_189' title='bbox 847 1656 917 1678; x_wconf 86' lang='lat' dir='ltr'><strong>rne-</strong></span> 
     </span>
     <span class='ocr_line' id='line_1_30' title="bbox 93 1670 916 1734; baseline -0.003 -9"><span class='ocrx_word' id='word_1_190' title='bbox 93 1691 191 1725; x_wconf 88' lang='lat' dir='ltr'><strong>·rito.</strong></span> <span class='ocrx_word' id='word_1_191' title='bbox 226 1692 271 1724; x_wconf 88' lang='lat' dir='ltr'><strong>cf.</strong></span> <span class='ocrx_word' id='word_1_192' title='bbox 295 1689 336 1732; x_wconf 86' lang='grc' dir='ltr'><strong><em>λ’,</em></strong></span> <span class='ocrx_word' id='word_1_193' title='bbox 359 1691 436 1734; x_wconf 88' lang='grc'><strong><em>143,</em></strong></span> <span class='ocrx_word' id='word_1_194' title='bbox 463 1690 504 1732; x_wconf 87' lang='lat' dir='ltr'><strong><em>o&#39;,</em></strong></span> <span class='ocrx_word' id='word_1_195' title='bbox 521 1692 602 1732; x_wconf 79' lang='grc'><strong><em>532,</em></strong></span> <span class='ocrx_word' id='word_1_196' title='bbox 626 1689 676 1732; x_wconf 88' lang='grc' dir='ltr'><strong><em>π’,</em></strong></span> <span class='ocrx_word' id='word_1_197' title='bbox 699 1670 778 1726; x_wconf 74' lang='grc'><strong><em>453</em></strong></span> <span class='ocrx_word' id='word_1_198' title='bbox 813 1691 916 1725; x_wconf 51' lang='lat' dir='ltr'><strong><em>Schx</em></strong></span> 
     </span>
     <span class='ocr_line' id='line_1_31' title="bbox 113 1734 918 1794; baseline -0.003 -22"><span class='ocrx_word' id='word_1_199' title='bbox 113 1736 404 1794; x_wconf 84' lang='grc' dir='ltr'><strong><em>φράσσαντο.</em></strong></span> <span class='ocrx_word' id='word_1_200' title='bbox 431 1737 501 1781; x_wconf 85' lang='grc' dir='ltr'><strong><em>(ψ’,</em></strong></span> <span class='ocrx_word' id='word_1_201' title='bbox 526 1738 584 1776; x_wconf 89' lang='grc'><strong><em>75,</em></strong></span> <span class='ocrx_word' id='word_1_202' title='bbox 608 1737 647 1770; x_wconf 84' lang='grc'><strong><em>11.</em></strong></span> <span class='ocrx_word' id='word_1_203' title='bbox 671 1734 714 1778; x_wconf 83' lang='grc' dir='ltr'><strong><em>κ’,</em></strong></span> <span class='ocrx_word' id='word_1_204' title='bbox 732 1738 831 1780; x_wconf 90' lang='grc'><strong><em>339.)</em></strong></span> <span class='ocrx_word' id='word_1_205' title='bbox 855 1734 918 1771; x_wconf 82' lang='grc' dir='ltr'><strong><em>ἐπ-</em></strong></span> 
     </span>
    </p>

    <p class='ocr_par' dir='ltr' id='par_1_9' title="bbox 113 1780 919 1829">
     <span class='ocr_line' id='line_1_32' title="bbox 113 1780 919 1829; baseline -0.003 -10.954"><span class='ocrx_word' id='word_1_206' title='bbox 113 1785 285 1829; x_wconf 74' lang='grc' dir='ltr'><strong><em>έγνωσαν.</em></strong></span> <span class='ocrx_word' id='word_1_207' title='bbox 319 1782 504 1818; x_wconf 74' lang='grc' dir='ltr'><strong><em>ἔναντα.</em></strong></span> <span class='ocrx_word' id='word_1_208' title='bbox 530 1780 718 1827; x_wconf 73' lang='lat' dir='ltr'><strong>(sic.)o}71:&#39;</strong></span> <span class='ocrx_word' id='word_1_209' title='bbox 737 1782 919 1822; x_wconf 83' lang='grc' dir='ltr'><strong><em>ἐναντίας.</em></strong></span> 
     </span>
    </p>

    <p class='ocr_par' dir='ltr' id='par_1_10' title="bbox 113 1829 917 1919">
     <span class='ocr_line' id='line_1_33' title="bbox 156 1829 917 1872; baseline -0.001 -7"><span class='ocrx_word' id='word_1_210' title='bbox 156 1829 237 1865; x_wconf 89' lang='grc'><strong><em>454.</em></strong></span> <span class='ocrx_word' id='word_1_211' title='bbox 285 1832 451 1864; x_wconf 81' lang='grc' dir='ltr'><strong><em>κλαῖον</em></strong></span> <span class='ocrx_word' id='word_1_212' title='bbox 483 1848 525 1854; x_wconf 84' lang='grc'>-</span> <span class='ocrx_word' id='word_1_213' title='bbox 560 1830 708 1872; x_wconf 82' lang='grc' dir='ltr'><strong><em>δῶμα.</em></strong></span> <span class='ocrx_word' id='word_1_214' title='bbox 759 1830 805 1864; x_wconf 84' lang='lat' dir='ltr'><strong>cf.</strong></span> <span class='ocrx_word' id='word_1_215' title='bbox 836 1831 917 1866; x_wconf 84' lang='lat'><strong>399.</strong></span> 
     </span>
     <span class='ocr_line' id='line_1_34' title="bbox 113 1873 734 1919; baseline -0.002 -9"><span class='ocrx_word' id='word_1_216' title='bbox 113 1876 213 1910; x_wconf 87' lang='lat' dir='ltr'><strong>Sch.:</strong></span> <span class='ocrx_word' id='word_1_217' title='bbox 237 1876 346 1918; x_wconf 84' lang='grc' dir='ltr'><strong><em>περὶ</em></strong></span> <span class='ocrx_word' id='word_1_218' title='bbox 375 1873 414 1910; x_wconf 84' lang='grc' dir='ltr'><strong><em>δ’</em></strong></span> <span class='ocrx_word' id='word_1_219' title='bbox 439 1874 527 1911; x_wconf 79' lang='grc' dir='ltr'><strong><em>ἐστ.</em></strong></span> <span class='ocrx_word' id='word_1_220' title='bbox 562 1887 734 1919; x_wconf 75' lang='grc' dir='ltr'><strong><em>περιήχει.</em></strong></span> 
     </span>
    </p>

    <p class='ocr_par' dir='ltr' id='par_1_11' title="bbox 113 1920 926 2335">
     <span class='ocr_line' id='line_1_35' title="bbox 158 1920 920 1958; baseline -0.003 -3"><span class='ocrx_word' id='word_1_221' title='bbox 158 1922 238 1958; x_wconf 83' lang='grc'><strong><em>456.</em></strong></span> <span class='ocrx_word' id='word_1_222' title='bbox 285 1926 403 1956; x_wconf 80' lang='lat' dir='ltr'>carent</span> <span class='ocrx_word' id='word_1_223' title='bbox 435 1921 498 1954; x_wconf 88' lang='lat' dir='ltr'><strong><em>hoc</em></strong></span> <span class='ocrx_word' id='word_1_224' title='bbox 530 1932 605 1954; x_wconf 80' lang='lat' dir='ltr'><strong>vser</strong></span> <span class='ocrx_word' id='word_1_225' title='bbox 609 1934 630 1955; x_wconf 94' lang='lat' dir='ltr'><strong>u</strong></span> <span class='ocrx_word' id='word_1_226' title='bbox 659 1923 682 1955; x_wconf 70' lang='grc' dir='ltr'><strong><em>Ξ.</em></strong></span> <span class='ocrx_word' id='word_1_227' title='bbox 707 1922 811 1955; x_wconf 83' lang='lat' dir='ltr'><strong>MSS.</strong></span> <span class='ocrx_word' id='word_1_228' title='bbox 835 1920 920 1954; x_wconf 87' lang='lat' dir='ltr'><strong>Vin-</strong></span> 
     </span>
     <span class='ocr_line' id='line_1_36' title="bbox 113 1967 921 2011; baseline -0.002 -10"><span class='ocrx_word' id='word_1_229' title='bbox 113 1967 193 2001; x_wconf 89' lang='lat' dir='ltr'><strong>dob.</strong></span> <span class='ocrx_word' id='word_1_230' title='bbox 226 1973 262 2002; x_wconf 79' lang='lat' dir='ltr'><strong><em>et</em></strong></span> <span class='ocrx_word' id='word_1_231' title='bbox 291 1969 399 2002; x_wconf 87' lang='lat' dir='ltr'>codex</span> <span class='ocrx_word' id='word_1_232' title='bbox 425 1968 581 2001; x_wconf 76' lang='lat' dir='ltr'><strong>Thornae</strong></span> <span class='ocrx_word' id='word_1_233' title='bbox 608 1967 767 2010; x_wconf 78' lang='lat' dir='ltr'><strong>Bentleji.</strong></span> <span class='ocrx_word' id='word_1_234' title='bbox 813 1978 921 2011; x_wconf 85' lang='lat' dir='ltr'><strong>quare</strong></span> 
     </span>
     <span class='ocr_line' id='line_1_37' title="bbox 114 2012 921 2058; baseline -0.001 -11"><span class='ocrx_word' id='word_1_235' title='bbox 114 2026 220 2047; x_wconf 90' lang='lat' dir='ltr'><strong>uncos</strong></span> <span class='ocrx_word' id='word_1_236' title='bbox 234 2014 370 2048; x_wconf 80' lang='lat' dir='ltr'><strong>immisit</strong></span> <span class='ocrx_word' id='word_1_237' title='bbox 384 2015 440 2048; x_wconf 90' lang='lat' dir='ltr'><strong><em>W.</em></strong></span> <span class='ocrx_word' id='word_1_238' title='bbox 464 2025 532 2058; x_wconf 92' lang='lat' dir='ltr'><strong><em>quo</em></strong></span> <span class='ocrx_word' id='word_1_239' title='bbox 552 2021 666 2047; x_wconf 84' lang='lat' dir='ltr'><strong>tamen</strong></span> <span class='ocrx_word' id='word_1_240' title='bbox 682 2024 782 2046; x_wconf 82' lang='lat' dir='ltr'><strong>versu</strong></span> <span class='ocrx_word' id='word_1_241' title='bbox 798 2012 921 2046; x_wconf 89' lang='lat' dir='ltr'><strong>omisso</strong></span> 
     </span>
     <span class='ocr_line' id='line_1_38' title="bbox 114 2057 922 2105; baseline -0.004 -12"><span class='ocrx_word' id='word_1_242' title='bbox 114 2061 231 2093; x_wconf 87' lang='lat' dir='ltr'><strong>nescio</strong></span> <span class='ocrx_word' id='word_1_243' title='bbox 251 2060 332 2104; x_wconf 86' lang='lat' dir='ltr'><strong>quid</strong></span> <span class='ocrx_word' id='word_1_244' title='bbox 359 2060 521 2105; x_wconf 80' lang='lat' dir='ltr'>abrupti,</span> <span class='ocrx_word' id='word_1_245' title='bbox 544 2071 586 2092; x_wconf 88' lang='lat' dir='ltr'><strong><em>ne</em></strong></span> <span class='ocrx_word' id='word_1_246' title='bbox 608 2059 717 2092; x_wconf 84' lang='lat' dir='ltr'><strong>dicam</strong></span> <span class='ocrx_word' id='word_1_247' title='bbox 740 2057 922 2097; x_wconf 84' lang='lat' dir='ltr'><strong>inhumani,</strong></span> 
     </span>
     <span class='ocr_line' id='line_1_39' title="bbox 114 2105 924 2167; baseline -0.001 -28"><span class='ocrx_word' id='word_1_248' title='bbox 114 2105 217 2139; x_wconf 88' lang='lat' dir='ltr'><strong>habet</strong></span> <span class='ocrx_word' id='word_1_249' title='bbox 235 2106 321 2140; x_wconf 86' lang='lat' dir='ltr'><strong>haec</strong></span> <span class='ocrx_word' id='word_1_250' title='bbox 339 2106 470 2167; x_wconf 57' lang='lat' dir='ltr'><strong>oratio:</strong></span> <span class='ocrx_word' id='word_1_251' title='bbox 496 2106 663 2150; x_wconf 80' lang='lat' dir='ltr'>siquidem</span> <span class='ocrx_word' id='word_1_252' title='bbox 685 2105 842 2145; x_wconf 73' lang='lat' dir='ltr'><strong><em>decebat,</em></strong></span> <span class='ocrx_word' id='word_1_253' title='bbox 861 2116 924 2149; x_wconf 85' lang='lat' dir='ltr'><strong><em>ap-</em></strong></span> 
     </span>
     <span class='ocr_line' id='line_1_40' title="bbox 115 2151 923 2196; baseline -0.001 -11"><span class='ocrx_word' id='word_1_254' title='bbox 115 2152 242 2196; x_wconf 79' lang='lat' dir='ltr'><strong>pellato</strong></span> <span class='ocrx_word' id='word_1_255' title='bbox 268 2152 365 2193; x_wconf 85' lang='lat' dir='ltr'><strong>duce,</strong></span> <span class='ocrx_word' id='word_1_256' title='bbox 391 2152 558 2185; x_wconf 69' lang='lat' dir='ltr'><strong>silentium</strong></span> <span class='ocrx_word' id='word_1_257' title='bbox 581 2151 752 2196; x_wconf 84' lang='lat' dir='ltr'><strong>imperare</strong></span> <span class='ocrx_word' id='word_1_258' title='bbox 775 2151 847 2194; x_wconf 84' lang='lat' dir='ltr'><strong>ejus</strong></span> <span class='ocrx_word' id='word_1_259' title='bbox 866 2163 923 2184; x_wconf 93' lang='lat' dir='ltr'><strong><em>co-</em></strong></span> 
     </span>
     <span class='ocr_line' id='line_1_41' title="bbox 115 2196 925 2239; baseline -0.004 -7"><span class='ocrx_word' id='word_1_260' title='bbox 115 2198 274 2239; x_wconf 70' lang='lat' dir='ltr'><strong>mitibus,</strong></span> <span class='ocrx_word' id='word_1_261' title='bbox 302 2209 344 2232; x_wconf 89' lang='lat' dir='ltr'><strong><em>ne</em></strong></span> <span class='ocrx_word' id='word_1_262' title='bbox 367 2198 402 2231; x_wconf 87' lang='lat' dir='ltr'><strong>id</strong></span> <span class='ocrx_word' id='word_1_263' title='bbox 426 2198 483 2230; x_wconf 82' lang='lat' dir='ltr'><strong>ilio</strong></span> <span class='ocrx_word' id='word_1_264' title='bbox 504 2197 611 2230; x_wconf 84' lang='lat' dir='ltr'><strong>invito</strong></span> <span class='ocrx_word' id='word_1_265' title='bbox 639 2198 754 2230; x_wconf 84' lang='lat' dir='ltr'><strong>facere</strong></span> <span class='ocrx_word' id='word_1_266' title='bbox 780 2199 846 2230; x_wconf 85' lang='lat' dir='ltr'><strong><em>dea</em></strong></span> <span class='ocrx_word' id='word_1_267' title='bbox 869 2196 925 2229; x_wconf 88' lang='lat' dir='ltr'><strong>vi-</strong></span> 
     </span>
     <span class='ocr_line' id='line_1_42' title="bbox 116 2242 926 2297; baseline -0.001 -21"><span class='ocrx_word' id='word_1_268' title='bbox 116 2244 268 2281; x_wconf 80' lang='lat' dir='ltr'><strong>deretur.</strong></span> <span class='ocrx_word' id='word_1_269' title='bbox 317 2244 410 2287; x_wconf 84' lang='lat' dir='ltr'><strong>quod</strong></span> <span class='ocrx_word' id='word_1_270' title='bbox 437 2255 501 2276; x_wconf 91' lang='lat' dir='ltr'><strong><em>uno</em></strong></span> <span class='ocrx_word' id='word_1_271' title='bbox 536 2243 728 2297; x_wconf 79' lang='lat' dir='ltr'><strong>appellato</strong></span> <span class='ocrx_word' id='word_1_272' title='bbox 737 2243 853 2287; x_wconf 86' lang='lat' dir='ltr'><strong>plures</strong></span> <span class='ocrx_word' id='word_1_273' title='bbox 875 2242 926 2276; x_wconf 85' lang='lat' dir='ltr'><strong><em>al-</em></strong></span> 
     </span>
     <span class='ocr_line' id='line_1_43' title="bbox 116 2287 845 2335; baseline 0 -12"><span class='ocrx_word' id='word_1_274' title='bbox 116 2290 291 2335; x_wconf 83' lang='lat' dir='ltr'><strong>loquitur,</strong></span> <span class='ocrx_word' id='word_1_275' title='bbox 317 2290 360 2322; x_wconf 87' lang='lat' dir='ltr'><strong><em>de</em></strong></span> <span class='ocrx_word' id='word_1_276' title='bbox 385 2302 425 2323; x_wconf 90' lang='lat' dir='ltr'><strong><em>eo</em></strong></span> <span class='ocrx_word' id='word_1_277' title='bbox 450 2301 482 2321; x_wconf 86' lang='lat' dir='ltr'><strong>v.</strong></span> <span class='ocrx_word' id='word_1_278' title='bbox 511 2287 563 2331; x_wconf 88' lang='grc' dir='ltr'><strong><em>θ’,</em></strong></span> <span class='ocrx_word' id='word_1_279' title='bbox 593 2290 679 2332; x_wconf 85' lang='grc'><strong><em>153,</em></strong></span> <span class='ocrx_word' id='word_1_280' title='bbox 707 2302 742 2330; x_wconf 84' lang='grc' dir='ltr'><strong><em>ι,</em></strong></span> <span class='ocrx_word' id='word_1_281' title='bbox 765 2291 845 2323; x_wconf 76' lang='grc'><strong><em>256.</em></strong></span> 
     </span>
    </p>

    <p class='ocr_par' dir='ltr' id='par_1_12' title="bbox 117 2334 928 2837">
     <span class='ocr_line' id='line_1_44' title="bbox 161 2334 924 2378; baseline -0.005 -8"><span class='ocrx_word' id='word_1_282' title='bbox 161 2334 375 2371; x_wconf 80' lang='lat'>457—459.</span> <span class='ocrx_word' id='word_1_283' title='bbox 424 2334 644 2378; x_wconf 81' lang='grc' dir='ltr'><strong><em>θαλερόν.</em></strong></span> <span class='ocrx_word' id='word_1_284' title='bbox 689 2334 740 2376; x_wconf 86' lang='grc' dir='ltr'><strong><em>δ’,</em></strong></span> <span class='ocrx_word' id='word_1_285' title='bbox 765 2336 834 2370; x_wconf 89' lang='grc'><strong><em>556</em></strong></span> <span class='ocrx_word' id='word_1_286' title='bbox 858 2339 924 2368; x_wconf 85' lang='lat' dir='ltr'><strong>etc.</strong></span> 
     </span>
     <span class='ocr_line' id='line_1_45' title="bbox 118 2379 926 2435; baseline -0.001 -20"><span class='ocrx_word' id='word_1_287' title='bbox 118 2381 237 2415; x_wconf 69' lang='lat' dir='ltr'><strong>HarL·</strong></span> <span class='ocrx_word' id='word_1_288' title='bbox 256 2379 534 2424; x_wconf 78' lang='grc' dir='ltr'><strong><em>Ἀριστοφάνης,</em></strong></span> <span class='ocrx_word' id='word_1_289' title='bbox 555 2380 780 2435; x_wconf 78' lang='grc' dir='ltr'><strong><em>στυγερὸν</em></strong></span> <span class='ocrx_word' id='word_1_290' title='bbox 796 2379 926 2424; x_wconf 80' lang='grc' dir='ltr'><strong><em>γόον.</em></strong></span> 
     </span>
     <span class='ocr_line' id='line_1_46' title="bbox 117 2425 926 2472; baseline -0.002 -10"><span class='ocrx_word' id='word_1_291' title='bbox 117 2428 179 2462; x_wconf 78' lang='grc' dir='ltr'><strong><em>καὶ</em></strong></span> <span class='ocrx_word' id='word_1_292' title='bbox 205 2427 272 2462; x_wconf 81' lang='grc' dir='ltr'><strong><em>οὐκ</em></strong></span> <span class='ocrx_word' id='word_1_293' title='bbox 296 2425 424 2472; x_wconf 80' lang='grc' dir='ltr'><strong><em>ἄχαρις</em></strong></span> <span class='ocrx_word' id='word_1_294' title='bbox 456 2425 479 2471; x_wconf 86' lang='grc' dir='ltr'><em>ἢ</em></span> <span class='ocrx_word' id='word_1_295' title='bbox 504 2427 641 2470; x_wconf 79' lang='grc' dir='ltr'><strong><em>γραφή.</em></strong></span> <span class='ocrx_word' id='word_1_296' title='bbox 690 2428 719 2460; x_wconf 89' lang='lat' dir='ltr'><strong>si</strong></span> <span class='ocrx_word' id='word_1_297' title='bbox 744 2427 845 2471; x_wconf 84' lang='lat' dir='ltr'><strong>qnid</strong></span> <span class='ocrx_word' id='word_1_298' title='bbox 851 2439 926 2460; x_wconf 89' lang='lat' dir='ltr'><strong><em>mu-</em></strong></span> 
     </span>
     <span class='ocr_line' id='line_1_47' title="bbox 118 2473 926 2518; baseline -0.004 -11"><span class='ocrx_word' id='word_1_299' title='bbox 118 2473 255 2508; x_wconf 84' lang='lat' dir='ltr'><strong>tandum</strong></span> <span class='ocrx_word' id='word_1_300' title='bbox 285 2480 396 2513; x_wconf 85' lang='lat' dir='ltr'><strong><em>esset,</em></strong></span> <span class='ocrx_word' id='word_1_301' title='bbox 429 2474 559 2507; x_wconf 82' lang='lat' dir='ltr'><strong>mallem</strong></span> <span class='ocrx_word' id='word_1_302' title='bbox 585 2473 742 2518; x_wconf 79' lang='lat' dir='ltr'>equidem</span> <span class='ocrx_word' id='word_1_303' title='bbox 767 2473 926 2516; x_wconf 82' lang='grc' dir='ltr'><strong><em>θολερὸν</em></strong></span> 
     </span>
     <span class='ocr_line' id='line_1_48' title="bbox 118 2519 926 2564; baseline -0.002 -10"><span class='ocrx_word' id='word_1_304' title='bbox 118 2519 224 2564; x_wconf 85' lang='grc' dir='ltr'><strong><em>γόον,</em></strong></span> <span class='ocrx_word' id='word_1_305' title='bbox 262 2521 435 2554; x_wconf 77' lang='lat' dir='ltr'><strong>turbidum</strong></span> <span class='ocrx_word' id='word_1_306' title='bbox 467 2521 614 2561; x_wconf 78' lang='lat' dir='ltr'><strong><em>luctum,</em></strong></span> <span class='ocrx_word' id='word_1_307' title='bbox 653 2520 710 2564; x_wconf 84' lang='lat' dir='ltr'><strong>qui</strong></span> <span class='ocrx_word' id='word_1_308' title='bbox 744 2531 807 2552; x_wconf 91' lang='lat' dir='ltr'><strong><em>non</em></strong></span> <span class='ocrx_word' id='word_1_309' title='bbox 841 2519 926 2553; x_wconf 84' lang='lat' dir='ltr'><strong>male</strong></span> 
     </span>
     <span class='ocr_line' id='line_1_49' title="bbox 120 2565 928 2611; baseline -0.003 -11"><span class='ocrx_word' id='word_1_310' title='bbox 120 2572 350 2611; x_wconf 86' lang='lat' dir='ltr'><strong>opponeretur</strong></span> <span class='ocrx_word' id='word_1_311' title='bbox 370 2565 548 2606; x_wconf 63' lang='lat' dir='ltr'><strong>biiarstati,</strong></span> <span class='ocrx_word' id='word_1_312' title='bbox 571 2577 668 2610; x_wconf 79' lang='lat' dir='ltr'><strong>quam</strong></span> <span class='ocrx_word' id='word_1_313' title='bbox 684 2565 840 2609; x_wconf 78' lang='lat' dir='ltr'><strong>requirit.</strong></span> <span class='ocrx_word' id='word_1_314' title='bbox 865 2577 928 2598; x_wconf 86' lang='lat' dir='ltr'><strong><em>ve-</em></strong></span> 
     </span>
     <span class='ocr_line' id='line_1_50' title="bbox 120 2612 926 2652; baseline -0.002 -6"><span class='ocrx_word' id='word_1_315' title='bbox 120 2624 190 2646; x_wconf 85' lang='lat' dir='ltr'><strong>rum</strong></span> <span class='ocrx_word' id='word_1_316' title='bbox 226 2624 290 2646; x_wconf 88' lang='lat' dir='ltr'><strong><em>non</em></strong></span> <span class='ocrx_word' id='word_1_317' title='bbox 324 2616 378 2645; x_wconf 83' lang='lat' dir='ltr'><strong>est.</strong></span> <span class='ocrx_word' id='word_1_318' title='bbox 408 2623 488 2645; x_wconf 84' lang='lat' dir='ltr'><strong>usus</strong></span> <span class='ocrx_word' id='word_1_319' title='bbox 521 2623 564 2645; x_wconf 89' lang='lat' dir='ltr'><strong><em>ea</em></strong></span> <span class='ocrx_word' id='word_1_320' title='bbox 596 2623 680 2644; x_wconf 83' lang='lat' dir='ltr'><strong>voce</strong></span> <span class='ocrx_word' id='word_1_321' title='bbox 710 2612 764 2644; x_wconf 87' lang='lat' dir='ltr'><strong>hic</strong></span> <span class='ocrx_word' id='word_1_322' title='bbox 797 2618 926 2652; x_wconf 80' lang='lat' dir='ltr'><strong>noster,</strong></span> 
     </span>
     <span class='ocr_line' id='line_1_51' title="bbox 122 2655 926 2712; baseline -0.001 -21"><span class='ocrx_word' id='word_1_323' title='bbox 122 2659 309 2703; x_wconf 72' lang='grc' dir='ltr'><strong><em>ΑεεοΙι)1ιι5</em></strong></span> <span class='ocrx_word' id='word_1_324' title='bbox 333 2658 423 2690; x_wconf 71' lang='lat' dir='ltr'><strong>dixit</strong></span> <span class='ocrx_word' id='word_1_325' title='bbox 446 2656 606 2712; x_wconf 42' lang='grc' dir='ltr'><strong><em>θολεροὶἱ</em></strong></span> <span class='ocrx_word' id='word_1_326' title='bbox 602 2670 630 2697; x_wconf 88' lang='grc' dir='ltr'><strong><em>-ς</em></strong></span> <span class='ocrx_word' id='word_1_327' title='bbox 659 2655 789 2699; x_wconf 81' lang='grc' dir='ltr'><strong><em>λόγους</em></strong></span> <span class='ocrx_word' id='word_1_328' title='bbox 816 2659 926 2693; x_wconf 81' lang='lat' dir='ltr'><strong>Prom.</strong></span> 
     </span>
     <span class='ocr_line' id='line_1_52' title="bbox 120 2701 927 2759; baseline -0.001 -20"><span class='ocrx_word' id='word_1_329' title='bbox 120 2706 197 2739; x_wconf 72' lang='lat'>86⁶2.</span> <span class='ocrx_word' id='word_1_330' title='bbox 247 2704 298 2737; x_wconf 95' lang='grc' dir='ltr'><strong><em>Ε.</em></strong></span> <span class='ocrx_word' id='word_1_331' title='bbox 324 2701 528 2747; x_wconf 84' lang='grc' dir='ltr'><strong><em>θαλερὸς</em></strong></span> <span class='ocrx_word' id='word_1_332' title='bbox 551 2702 661 2755; x_wconf 88' lang='grc' dir='ltr'><strong><em>γόος</em></strong></span> <span class='ocrx_word' id='word_1_333' title='bbox 684 2701 779 2738; x_wconf 85' lang='grc' dir='ltr'><strong><em>καθ’</em></strong></span> <span class='ocrx_word' id='word_1_334' title='bbox 799 2701 927 2759; x_wconf 80' lang='grc' dir='ltr'><strong><em>ὁμοιό-</em></strong></span> 
     </span>
     <span class='ocr_line' id='line_1_53' title="bbox 121 2748 928 2805; baseline 0.001 -22"><span class='ocrx_word' id='word_1_335' title='bbox 121 2764 214 2794; x_wconf 79' lang='grc' dir='ltr'><strong><em>τητα</em></strong></span> <span class='ocrx_word' id='word_1_336' title='bbox 239 2763 308 2805; x_wconf 52' lang='grc' dir='ltr'><strong><em>του,</em></strong></span> <span class='ocrx_word' id='word_1_337' title='bbox 335 2748 542 2792; x_wconf 80' lang='grc' dir='ltr'><strong><em>θαλερὸν</em></strong></span> <span class='ocrx_word' id='word_1_338' title='bbox 567 2748 715 2792; x_wconf 85' lang='grc' dir='ltr'><strong><em>δάκρυ</em></strong></span> <span class='ocrx_word' id='word_1_339' title='bbox 740 2748 781 2784; x_wconf 82' lang='grc' dir='ltr'><strong><em>τὰ</em></strong></span> <span class='ocrx_word' id='word_1_340' title='bbox 807 2748 928 2784; x_wconf 77' lang='grc' dir='ltr'><strong><em>ἄπαυ-</em></strong></span> 
     </span>
     <span class='ocr_line' id='line_1_54' title="bbox 123 2793 931 2837; baseline -0.001 -8"><span class='ocrx_word' id='word_1_341' title='bbox 123 2809 209 2830; x_wconf 78' lang='grc' dir='ltr'><strong><em>στον</em></strong></span> <span class='ocrx_word' id='word_1_342' title='bbox 233 2810 263 2830; x_wconf 75' lang='grc' dir='ltr'><strong><em>κ</em></strong></span> <span class='ocrx_word' id='word_1_343' title='bbox 287 2794 343 2831; x_wconf 80' lang='grc' dir='ltr'><strong><em>αεὶ</em></strong></span> <span class='ocrx_word' id='word_1_344' title='bbox 362 2794 504 2837; x_wconf 78' lang='grc' dir='ltr'><strong><em>νεάζον.</em></strong></span> <span class='ocrx_word' id='word_1_345' title='bbox 521 2816 563 2821; x_wconf 92' lang='lat'><strong><em>—-</em></strong></span> <span class='ocrx_word' id='word_1_346' title='bbox 601 2793 851 2837; x_wconf 86' lang='grc' dir='ltr'><strong><em>ανάρσιοι,</em></strong></span> <span class='ocrx_word' id='word_1_347' title='bbox 877 2796 931 2828; x_wconf 90' lang='lat' dir='ltr'><strong>in-</strong></span> 
     </span>
    </p>

    <p class='ocr_par' dir='ltr' id='par_1_13' title="bbox 123 2842 932 2971">
     <span class='ocr_line' id='line_1_55' title="bbox 146 2842 932 2901; baseline 0.001 -27.029"><span class='ocrx_word' id='word_1_348' title='bbox 146 2842 460 2883; x_wconf 82' lang='grc' dir='ltr'><strong><em>ιιιιιιιι1ιίιιὶηιίι·ι’.</em></strong></span> <span class='ocrx_word' id='word_1_349' title='bbox 487 2842 676 2901; x_wconf 58' lang='grc' dir='ltr'><strong><em>6)(τ1ορειιι</em></strong></span> <span class='ocrx_word' id='word_1_350' title='bbox 695 2842 781 2876; x_wconf 86' lang='lat' dir='ltr'><strong>dicit</strong></span> <span class='ocrx_word' id='word_1_351' title='bbox 798 2842 932 2875; x_wconf 73' lang='lat' dir='ltr'><strong>ethae-</strong></span> 
     </span>
     <span class='ocr_line' id='line_1_56' title="bbox 123 2858 931 2932; baseline 0.004 -12"><span class='ocrx_word' id='word_1_352' title='bbox 123 2858 303 2932; x_wconf 57' lang='lat' dir='ltr'><strong>i-tr3g01ws</strong></span> <span class='ocrx_word' id='word_1_353' title='bbox 345 2907 382 2911; x_wconf 87' lang='lat'>—</span> <span class='ocrx_word' id='word_1_354' title='bbox 428 2887 536 2932; x_wconf 74' lang='grc' dir='ltr'><strong><em>ἑόηλ</em></strong></span> <span class='ocrx_word' id='word_1_355' title='bbox 553 2899 737 2932; x_wconf 75' lang='grc' dir='ltr'><strong><em>ησαντο.</em></strong></span> <span class='ocrx_word' id='word_1_356' title='bbox 777 2886 806 2922; x_wconf 79' lang='grc' dir='ltr'><strong><em>λ’</em></strong></span> <span class='ocrx_word' id='word_1_357' title='bbox 816 2913 827 2929; x_wconf 86' lang='grc'><strong><em>,</em></strong></span> <span class='ocrx_word' id='word_1_358' title='bbox 851 2887 931 2927; x_wconf 84' lang='lat'>401,</span> 
     </span>
     <span class='ocr_line' id='line_1_57' title="bbox 125 2932 419 2971; baseline 0.003 -5"><span class='ocrx_word' id='word_1_359' title='bbox 125 2934 163 2966; x_wconf 84' lang='lat' dir='ltr'><strong>Ji.</strong></span> <span class='ocrx_word' id='word_1_360' title='bbox 193 2932 236 2971; x_wconf 67' lang='grc' dir='ltr'><strong><em>τῖ’,</em></strong></span> <span class='ocrx_word' id='word_1_361' title='bbox 265 2934 329 2968; x_wconf 43' lang='lat' dir='ltr'><strong><em>15¹*i</em></strong></span> <span class='ocrx_word' id='word_1_362' title='bbox 353 2943 419 2967; x_wconf 68' lang='grc' dir='ltr'><strong><em>ΜΩ.</em></strong></span> 
     </span>
    </p>

    <p class='ocr_par' dir='ltr' id='par_1_14' title="bbox 170 2977 932 3024">
     <span class='ocr_line' id='line_1_58' title="bbox 170 2977 932 3024; baseline -0.003 -9"><span class='ocrx_word' id='word_1_363' title='bbox 170 2978 364 3015; x_wconf 63' lang='grc'><strong><em>463--467,</em></strong></span> <span class='ocrx_word' id='word_1_364' title='bbox 399 2992 455 3024; x_wconf 82' lang='grc' dir='ltr'><strong><em>πρ</em></strong></span> <span class='ocrx_word' id='word_1_365' title='bbox 469 2977 494 3014; x_wconf 78' lang='grc' dir='ltr'><strong><em>αἱ</em></strong></span> <span class='ocrx_word' id='word_1_366' title='bbox 508 2993 544 3013; x_wconf 81' lang='grc' dir='ltr'><strong><em>τι</em></strong></span> <span class='ocrx_word' id='word_1_367' title='bbox 558 2992 633 3014; x_wconf 72' lang='lat' dir='ltr'><strong><em>oco</em></strong></span> <span class='ocrx_word' id='word_1_368' title='bbox 650 2993 681 3020; x_wconf 80' lang='grc' dir='ltr'><strong><em>ν,</em></strong></span> <span class='ocrx_word' id='word_1_369' title='bbox 702 2993 743 3014; x_wconf 78' lang='lat' dir='ltr'><strong><em>zu</em></strong></span> <span class='ocrx_word' id='word_1_370' title='bbox 765 2982 932 3014; x_wconf 63' lang='lat' dir='ltr'><strong>atterent.</strong></span> 
     </span>
    </p>
   </div>
   <div class='ocr_carea' id='block_1_8' title="bbox 959 1405 1780 2424">
    <p class='ocr_par' dir='ltr' id='par_1_15' title="bbox 959 1405 1780 2424">
     <span class='ocr_line' id='line_1_59' title="bbox 959 1405 1770 1459; baseline -0.009 -10"><span class='ocrx_word' id='word_1_371' title='bbox 959 1427 1006 1455; x_wconf 86' lang='lat' dir='ltr'><strong><em>v,</em></strong></span> <span class='ocrx_word' id='word_1_372' title='bbox 1027 1415 1083 1453; x_wconf 88' lang='grc'><strong><em>60,</em></strong></span> <span class='ocrx_word' id='word_1_373' title='bbox 1110 1411 1213 1459; x_wconf 87' lang='grc' dir='ltr'><strong><em>Ι1β</em></strong></span> <span class='ocrx_word' id='word_1_374' title='bbox 1230 1414 1298 1448; x_wconf 75' lang='grc'><strong><em>702</em></strong></span> <span class='ocrx_word' id='word_1_375' title='bbox 1319 1415 1386 1446; x_wconf 84' lang='lat' dir='ltr'><strong>etc.</strong></span> <span class='ocrx_word' id='word_1_376' title='bbox 1407 1429 1451 1435; x_wconf 94' lang='lat'><strong><em>—-</em></strong></span> <span class='ocrx_word' id='word_1_377' title='bbox 1483 1405 1770 1444; x_wconf 81' lang='grc' dir='ltr'><strong><em>νυν-ἄθυ-</em></strong></span> 
     </span>
     <span class='ocr_line' id='line_1_60' title="bbox 961 1450 1770 1514; baseline -0.008 -20"><span class='ocrx_word' id='word_1_378' title='bbox 961 1461 1044 1504; x_wconf 90' lang='grc' dir='ltr'><strong><em>μοί</em></strong></span> <span class='ocrx_word' id='word_1_379' title='bbox 1066 1457 1154 1493; x_wconf 80' lang='grc' dir='ltr'><strong><em>ἐστε.</em></strong></span> <span class='ocrx_word' id='word_1_380' title='bbox 1194 1459 1324 1503; x_wconf 82' lang='lat' dir='ltr'>ellipsis</span> <span class='ocrx_word' id='word_1_381' title='bbox 1349 1458 1531 1514; x_wconf 78' lang='lat' dir='ltr'><strong>frequens.</strong></span> <span class='ocrx_word' id='word_1_382' title='bbox 1557 1467 1592 1488; x_wconf 84' lang='lat' dir='ltr'><strong>v.</strong></span> <span class='ocrx_word' id='word_1_383' title='bbox 1617 1450 1663 1495; x_wconf 81' lang='grc' dir='ltr'><strong><em>ζ’,</em></strong></span> <span class='ocrx_word' id='word_1_384' title='bbox 1687 1455 1770 1496; x_wconf 76' lang='lat'>203,</span> 
     </span>
     <span class='ocr_line' id='line_1_61' title="bbox 962 1498 1772 1547; baseline -0.009 -6"><span class='ocrx_word' id='word_1_385' title='bbox 962 1505 1007 1547; x_wconf 80' lang='grc' dir='ltr'><strong><em>δ’,</em></strong></span> <span class='ocrx_word' id='word_1_386' title='bbox 1032 1506 1111 1541; x_wconf 87' lang='grc'><strong><em>606</em></strong></span> <span class='ocrx_word' id='word_1_387' title='bbox 1162 1506 1234 1539; x_wconf 84' lang='lat' dir='ltr'><strong>Am.</strong></span> <span class='ocrx_word' id='word_1_388' title='bbox 1257 1505 1302 1545; x_wconf 81' lang='lat' dir='ltr'><strong>Q.</strong></span> <span class='ocrx_word' id='word_1_389' title='bbox 1325 1504 1438 1537; x_wconf 44' lang='lat' dir='ltr'><strong><em>etssa</em></strong></span> <span class='ocrx_word' id='word_1_390' title='bbox 1464 1500 1680 1540; x_wconf 79' lang='grc' dir='ltr'><strong><em>ἀσκελέες</em></strong></span> <span class='ocrx_word' id='word_1_391' title='bbox 1705 1498 1772 1544; x_wconf 86' lang='grc' dir='ltr'><strong><em>(α’,</em></strong></span> 
     </span>
     <span class='ocr_line' id='line_1_62' title="bbox 962 1545 1771 1602; baseline -0.007 -15"><span class='ocrx_word' id='word_1_392' title='bbox 962 1554 1017 1589; x_wconf 90' lang='lat'><strong><em>68.</em></strong></span> <span class='ocrx_word' id='word_1_393' title='bbox 1051 1552 1235 1588; x_wconf 83' lang='lat' dir='ltr'><strong>dixerunt,</strong></span> <span class='ocrx_word' id='word_1_394' title='bbox 1271 1550 1336 1583; x_wconf 91' lang='lat' dir='ltr'><strong>nisi</strong></span> <span class='ocrx_word' id='word_1_395' title='bbox 1366 1545 1675 1592; x_wconf 69' lang='grc' dir='ltr'><strong><em>ῐιι11οῐ,ασκελής</em></strong></span> <span class='ocrx_word' id='word_1_396' title='bbox 1706 1559 1771 1602; x_wconf 86' lang='lat' dir='ltr'><strong>pro</strong></span> 
     </span>
     <span class='ocr_line' id='line_1_63' title="bbox 963 1593 1773 1650; baseline -0.006 -18"><span class='ocrx_word' id='word_1_397' title='bbox 963 1596 1109 1642; x_wconf 80' lang='grc' dir='ltr'><strong><em>σκελής,</em></strong></span> <span class='ocrx_word' id='word_1_398' title='bbox 1147 1603 1184 1629; x_wconf 90' lang='lat' dir='ltr'><strong><em>ut</em></strong></span> <span class='ocrx_word' id='word_1_399' title='bbox 1209 1593 1381 1640; x_wconf 85' lang='grc' dir='ltr'><strong><em>αφαυρὸς</em></strong></span> <span class='ocrx_word' id='word_1_400' title='bbox 1408 1606 1469 1639; x_wconf 89' lang='lat' dir='ltr'><strong>pro</strong></span> <span class='ocrx_word' id='word_1_401' title='bbox 1494 1595 1650 1650; x_wconf 85' lang='grc' dir='ltr'><strong><em>φαῦρος</em></strong></span> <span class='ocrx_word' id='word_1_402' title='bbox 1666 1599 1701 1628; x_wconf 86' lang='lat' dir='ltr'><strong><em>et</em></strong></span> <span class='ocrx_word' id='word_1_403' title='bbox 1723 1594 1773 1627; x_wconf 90' lang='lat' dir='ltr'><strong>si-</strong></span> 
     </span>
     <span class='ocr_line' id='line_1_64' title="bbox 963 1638 1772 1687; baseline -0.004 -10"><span class='ocrx_word' id='word_1_404' title='bbox 963 1644 1054 1678; x_wconf 89' lang='lat' dir='ltr'><strong>milia</strong></span> <span class='ocrx_word' id='word_1_405' title='bbox 1080 1643 1264 1687; x_wconf 87' lang='lat' dir='ltr'><strong>complura.</strong></span> <span class='ocrx_word' id='word_1_406' title='bbox 1308 1654 1341 1675; x_wconf 79' lang='lat' dir='ltr'><strong><em>v,</em></strong></span> <span class='ocrx_word' id='word_1_407' title='bbox 1377 1652 1454 1676; x_wconf 86' lang='lat' dir='ltr'><strong>ann.</strong></span> <span class='ocrx_word' id='word_1_408' title='bbox 1488 1641 1532 1674; x_wconf 90' lang='lat' dir='ltr'><strong><em>ad</em></strong></span> <span class='ocrx_word' id='word_1_409' title='bbox 1555 1641 1594 1674; x_wconf 91' lang='grc'><strong><em>11.</em></strong></span> <span class='ocrx_word' id='word_1_410' title='bbox 1619 1638 1672 1683; x_wconf 84' lang='grc' dir='ltr'><strong><em>τ’,</em></strong></span> <span class='ocrx_word' id='word_1_411' title='bbox 1695 1640 1772 1682; x_wconf 89' lang='grc'><strong><em>68.)</em></strong></span> 
     </span>
     <span class='ocr_line' id='line_1_65' title="bbox 963 1685 1773 1732; baseline -0.006 -7"><span class='ocrx_word' id='word_1_412' title='bbox 963 1704 997 1726; x_wconf 85' lang='grc' dir='ltr'><strong><em>κ.</em></strong></span> <span class='ocrx_word' id='word_1_413' title='bbox 1028 1689 1228 1732; x_wconf 82' lang='grc' dir='ltr'><strong><em>α’θυμοι.</em></strong></span> <span class='ocrx_word' id='word_1_414' title='bbox 1270 1686 1364 1732; x_wconf 77' lang='grc' dir='ltr'><strong><em>ἄγαν</em></strong></span> <span class='ocrx_word' id='word_1_415' title='bbox 1400 1686 1680 1731; x_wconf 81' lang='grc' dir='ltr'><strong><em>κατεσκληκότες</em></strong></span> <span class='ocrx_word' id='word_1_416' title='bbox 1710 1685 1773 1722; x_wconf 81' lang='grc' dir='ltr'><strong><em>καὶ</em></strong></span> 
     </span>
     <span class='ocr_line' id='line_1_66' title="bbox 963 1732 1773 1780; baseline -0.006 -9"><span class='ocrx_word' id='word_1_417' title='bbox 963 1735 1199 1780; x_wconf 83' lang='grc' dir='ltr'><strong><em>κεκμηκότες,</em></strong></span> <span class='ocrx_word' id='word_1_418' title='bbox 1234 1733 1401 1778; x_wconf 73' lang='grc' dir='ltr'><strong><em>σκληροὶ,</em></strong></span> <span class='ocrx_word' id='word_1_419' title='bbox 1427 1732 1717 1777; x_wconf 84' lang='grc' dir='ltr'><strong><em>σκελετευόμενοι</em></strong></span> <span class='ocrx_word' id='word_1_420' title='bbox 1740 1745 1773 1767; x_wconf 83' lang='grc' dir='ltr'><strong><em>κ.</em></strong></span> 
     </span>
     <span class='ocr_line' id='line_1_67' title="bbox 965 1778 1774 1826; baseline -0.002 -9"><span class='ocrx_word' id='word_1_421' title='bbox 965 1782 1248 1826; x_wconf 80' lang='grc' dir='ltr'><strong><em>νενεκρωμένοι,</em></strong></span> <span class='ocrx_word' id='word_1_422' title='bbox 1279 1795 1310 1817; x_wconf 90' lang='grc' dir='ltr'><strong><em>κ.</em></strong></span> <span class='ocrx_word' id='word_1_423' title='bbox 1343 1780 1502 1823; x_wconf 84' lang='grc' dir='ltr'><strong><em>ψυχικῆς</em></strong></span> <span class='ocrx_word' id='word_1_424' title='bbox 1528 1778 1653 1824; x_wconf 74' lang='grc' dir='ltr'><strong><em>ἰσχύος</em></strong></span> <span class='ocrx_word' id='word_1_425' title='bbox 1677 1779 1774 1815; x_wconf 79' lang='grc' dir='ltr'><strong><em>ἐστε-</em></strong></span> 
     </span>
     <span class='ocr_line' id='line_1_68' title="bbox 965 1826 1777 1874; baseline -0.005 -11"><span class='ocrx_word' id='word_1_426' title='bbox 965 1828 1127 1874; x_wconf 85' lang='grc' dir='ltr'><strong><em>ρημένοι.</em></strong></span> <span class='ocrx_word' id='word_1_427' title='bbox 1175 1828 1294 1861; x_wconf 88' lang='lat' dir='ltr'><strong>Voss.:</strong></span> <span class='ocrx_word' id='word_1_428' title='bbox 1316 1839 1387 1860; x_wconf 83' lang='lat' dir='ltr'><strong><em>mm</em></strong></span> <span class='ocrx_word' id='word_1_429' title='bbox 1410 1827 1484 1860; x_wconf 83' lang='lat' dir='ltr'><strong>seid</strong></span> <span class='ocrx_word' id='word_1_430' title='bbox 1508 1826 1563 1860; x_wconf 79' lang='lat' dir='ltr'><strong>ihr</strong></span> <span class='ocrx_word' id='word_1_431' title='bbox 1585 1828 1777 1868; x_wconf 71' lang='lat' dir='ltr'><strong>entkrdftet</strong></span> 
     </span>
     <span class='ocr_line' id='line_1_69' title="bbox 965 1870 1775 1918; baseline -0.004 -8"><span class='ocrx_word' id='word_1_432' title='bbox 965 1889 999 1910; x_wconf 88' lang='lat' dir='ltr'><strong>u.</strong></span> <span class='ocrx_word' id='word_1_433' title='bbox 1025 1875 1182 1908; x_wconf 74' lang='lat' dir='ltr'><strong><em>marklos.</em></strong></span> <span class='ocrx_word' id='word_1_434' title='bbox 1210 1892 1253 1897; x_wconf 93' lang='lat'><strong><em>—-</em></strong></span> <span class='ocrx_word' id='word_1_435' title='bbox 1286 1870 1418 1918; x_wconf 79' lang='grc' dir='ltr'><strong><em>ἄλης,</em></strong></span> <span class='ocrx_word' id='word_1_436' title='bbox 1452 1873 1588 1906; x_wconf 82' lang='lat' dir='ltr'><strong>erroris.</strong></span> <span class='ocrx_word' id='word_1_437' title='bbox 1635 1872 1678 1913; x_wconf 88' lang='lat' dir='ltr'><strong><em>o&#39;,</em></strong></span> <span class='ocrx_word' id='word_1_438' title='bbox 1697 1873 1775 1907; x_wconf 77' lang='grc'><strong><em>342</em></strong></span> 
     </span>
     <span class='ocr_line' id='line_1_70' title="bbox 967 1917 1774 1963; baseline -0.004 -8"><span class='ocrx_word' id='word_1_439' title='bbox 967 1930 1034 1955; x_wconf 89' lang='lat' dir='ltr'><strong>etc.</strong></span> <span class='ocrx_word' id='word_1_440' title='bbox 1056 1938 1100 1946; x_wconf 88' lang='lat'><em>-</em></span> <span class='ocrx_word' id='word_1_441' title='bbox 1130 1918 1267 1962; x_wconf 81' lang='grc' dir='ltr'><strong><em>ἐπειὴ</em></strong></span> <span class='ocrx_word' id='word_1_442' title='bbox 1294 1938 1339 1944; x_wconf 89' lang='grc'><strong><em>-</em></strong></span> <span class='ocrx_word' id='word_1_443' title='bbox 1362 1918 1593 1954; x_wconf 84' lang='grc' dir='ltr'><strong><em>πέποσθε.</em></strong></span> <span class='ocrx_word' id='word_1_444' title='bbox 1630 1917 1692 1963; x_wconf 85' lang='grc' dir='ltr'><strong><em>ψ’,</em></strong></span> <span class='ocrx_word' id='word_1_445' title='bbox 1716 1919 1774 1960; x_wconf 88' lang='grc'><strong><em>53,</em></strong></span> 
     </span>
     <span class='ocr_line' id='line_1_71' title="bbox 967 1963 1776 2008; baseline -0.001 -7"><span class='ocrx_word' id='word_1_446' title='bbox 967 1967 1005 2002; x_wconf 87' lang='lat'><strong><em>11.</em></strong></span> <span class='ocrx_word' id='word_1_447' title='bbox 1051 1964 1150 2008; x_wconf 88' lang='grc'><strong><em>,99</em></strong></span> <span class='ocrx_word' id='word_1_448' title='bbox 1198 1966 1414 1999; x_wconf 81' lang='lat' dir='ltr'><strong>Buttmann.</strong></span> <span class='ocrx_word' id='word_1_449' title='bbox 1442 1963 1694 2006; x_wconf 80' lang='grc' dir='ltr'><strong><em>,,πέπασθε.</em></strong></span> <span class='ocrx_word' id='word_1_450' title='bbox 1718 1964 1776 2000; x_wconf 85' lang='grc' dir='ltr'><strong><em>κε’-</em></strong></span> 
     </span>
     <span class='ocr_line' id='line_1_72' title="bbox 968 1990 1776 2067; baseline -0.005 -18.995"><span class='ocrx_word' id='word_1_451' title='bbox 968 2015 1117 2057; x_wconf 81' lang='grc' dir='ltr'><strong><em>κτησθε.</em></strong></span> <span class='ocrx_word' id='word_1_452' title='bbox 1153 2012 1245 2056; x_wconf 79' lang='lat' dir='ltr'><strong><em>Vulg</em></strong></span> <span class='ocrx_word' id='word_1_453' title='bbox 1282 2012 1332 2055; x_wconf 55' lang='lat' dir='ltr'><strong><em>(h.</em></strong></span> <span class='ocrx_word' id='word_1_454' title='bbox 1358 2025 1385 2046; x_wconf 88' lang='lat' dir='ltr'><strong>e.</strong></span> <span class='ocrx_word' id='word_1_455' title='bbox 1407 1990 1507 2055; x_wconf 74' lang='lat' dir='ltr'><strong>Sci1.)</strong></span> <span class='ocrx_word' id='word_1_456' title='bbox 1535 2011 1588 2044; x_wconf 92' lang='lat' dir='ltr'><strong>ed.</strong></span> <span class='ocrx_word' id='word_1_457' title='bbox 1615 2011 1776 2067; x_wconf 86' lang='lat' dir='ltr'><strong>antiqua:</strong></span> 
     </span>
     <span class='ocr_line' id='line_1_73' title="bbox 968 2055 1777 2101; baseline -0.002 -8"><span class='ocrx_word' id='word_1_458' title='bbox 968 2071 1042 2093; x_wconf 89' lang='lat' dir='ltr'><strong><em>nam</em></strong></span> <span class='ocrx_word' id='word_1_459' title='bbox 1065 2058 1272 2091; x_wconf 73' lang='lat' dir='ltr'><strong>recentiores</strong></span> <span class='ocrx_word' id='word_1_460' title='bbox 1297 2058 1370 2101; x_wconf 85' lang='lat' dir='ltr'><strong>ejus</strong></span> <span class='ocrx_word' id='word_1_461' title='bbox 1387 2058 1460 2091; x_wconf 85' lang='lat' dir='ltr'><strong>loco</strong></span> <span class='ocrx_word' id='word_1_462' title='bbox 1479 2057 1690 2091; x_wconf 78' lang='lat' dir='ltr'><strong>suffecerunt</strong></span> <span class='ocrx_word' id='word_1_463' title='bbox 1703 2055 1777 2091; x_wconf 80' lang='grc' dir='ltr'><strong><em>πέ-</em></strong></span> 
     </span>
     <span class='ocr_line' id='line_1_74' title="bbox 968 2102 1778 2148; baseline -0.006 -8"><span class='ocrx_word' id='word_1_464' title='bbox 968 2107 1139 2146; x_wconf 85' lang='grc' dir='ltr'><strong><em>ποσθε,</em></strong></span> <span class='ocrx_word' id='word_1_465' title='bbox 1164 2103 1358 2148; x_wconf 77' lang='grc' dir='ltr'><strong><em>κέκμησθε,</em></strong></span> <span class='ocrx_word' id='word_1_466' title='bbox 1378 2102 1613 2143; x_wconf 80' lang='grc' dir='ltr'><strong><em>πεπόνθατε.</em></strong></span> <span class='ocrx_word' id='word_1_467' title='bbox 1639 2114 1682 2136; x_wconf 86' lang='lat' dir='ltr'><strong><em>ex</em></strong></span> <span class='ocrx_word' id='word_1_468' title='bbox 1705 2113 1778 2136; x_wconf 82' lang='lat' dir='ltr'><strong><em>me-</em></strong></span> 
     </span>
     <span class='ocr_line' id='line_1_75' title="bbox 969 2148 1779 2195; baseline -0.005 -10"><span class='ocrx_word' id='word_1_469' title='bbox 969 2164 1031 2194; x_wconf 86' lang='lat' dir='ltr'><strong><em>ra,</em></strong></span> <span class='ocrx_word' id='word_1_470' title='bbox 1059 2156 1095 2184; x_wconf 83' lang='lat' dir='ltr'><strong><em>ut</em></strong></span> <span class='ocrx_word' id='word_1_471' title='bbox 1119 2157 1285 2195; x_wconf 84' lang='lat' dir='ltr'><strong>apparet,</strong></span> <span class='ocrx_word' id='word_1_472' title='bbox 1312 2148 1536 2183; x_wconf 76' lang='lat' dir='ltr'><strong>correctione.</strong></span> <span class='ocrx_word' id='word_1_473' title='bbox 1571 2149 1663 2182; x_wconf 83' lang='lat' dir='ltr'><strong>iilam</strong></span> <span class='ocrx_word' id='word_1_474' title='bbox 1690 2149 1779 2181; x_wconf 83' lang='lat' dir='ltr'><strong>alte·</strong></span> 
     </span>
     <span class='ocr_line' id='line_1_76' title="bbox 970 2194 1778 2236; baseline -0.005 -5"><span class='ocrx_word' id='word_1_475' title='bbox 970 2209 1041 2232; x_wconf 86' lang='lat' dir='ltr'><strong>ram</strong></span> <span class='ocrx_word' id='word_1_476' title='bbox 1075 2209 1109 2229; x_wconf 58' lang='lat' dir='ltr'><strong><em>es</em></strong></span> <span class='ocrx_word' id='word_1_477' title='bbox 1103 2208 1150 2231; x_wconf 82' lang='lat' dir='ltr'><strong><em>se</em></strong></span> <span class='ocrx_word' id='word_1_478' title='bbox 1174 2195 1364 2229; x_wconf 77' lang='lat' dir='ltr'><strong>Aristarchi</strong></span> <span class='ocrx_word' id='word_1_479' title='bbox 1387 2194 1583 2236; x_wconf 85' lang='lat' dir='ltr'><strong>lectionem,</strong></span> <span class='ocrx_word' id='word_1_480' title='bbox 1618 2194 1778 2228; x_wconf 86' lang='lat' dir='ltr'><strong>Eustath.</strong></span> 
     </span>
     <span class='ocr_line' id='line_1_77' title="bbox 971 2240 1778 2285; baseline -0.004 -8"><span class='ocrx_word' id='word_1_481' title='bbox 971 2245 1110 2277; x_wconf 62' lang='lat' dir='ltr'><strong><em>docetf‘</em></strong></span> <span class='ocrx_word' id='word_1_482' title='bbox 1158 2241 1387 2275; x_wconf 85' lang='lat' dir='ltr'><strong>confidentius</strong></span> <span class='ocrx_word' id='word_1_483' title='bbox 1419 2252 1519 2285; x_wconf 85' lang='lat' dir='ltr'><strong>quam</strong></span> <span class='ocrx_word' id='word_1_484' title='bbox 1552 2240 1669 2274; x_wconf 83' lang='lat' dir='ltr'><strong>verius</strong></span> <span class='ocrx_word' id='word_1_485' title='bbox 1692 2241 1778 2274; x_wconf 81' lang='lat' dir='ltr'><strong>haec</strong></span> 
     </span>
     <span class='ocr_line' id='line_1_78' title="bbox 971 2286 1778 2324; baseline -0.006 0"><span class='ocrx_word' id='word_1_486' title='bbox 971 2289 1099 2324; x_wconf 57' lang='lat' dir='ltr'><strong>dixit-„e</strong></span> <span class='ocrx_word' id='word_1_487' title='bbox 1116 2288 1194 2321; x_wconf 87' lang='lat' dir='ltr'><strong>mihi</strong></span> <span class='ocrx_word' id='word_1_488' title='bbox 1214 2287 1351 2320; x_wconf 83' lang='lat' dir='ltr'><strong>videtur</strong></span> <span class='ocrx_word' id='word_1_489' title='bbox 1367 2286 1420 2320; x_wconf 89' lang='lat' dir='ltr'><strong><em>vir</em></strong></span> <span class='ocrx_word' id='word_1_490' title='bbox 1437 2286 1676 2321; x_wconf 78' lang='lat' dir='ltr'><strong>doctissimus:</strong></span> <span class='ocrx_word' id='word_1_491' title='bbox 1700 2297 1778 2320; x_wconf 88' lang='lat' dir='ltr'><strong><em>nam</em></strong></span> 
     </span>
     <span class='ocr_line' id='line_1_79' title="bbox 970 2331 1780 2373; baseline -0.005 -3"><span class='ocrx_word' id='word_1_492' title='bbox 970 2342 1005 2370; x_wconf 88' lang='lat' dir='ltr'><strong><em>et</em></strong></span> <span class='ocrx_word' id='word_1_493' title='bbox 1026 2336 1112 2368; x_wconf 87' lang='lat' dir='ltr'><strong>bene</strong></span> <span class='ocrx_word' id='word_1_494' title='bbox 1135 2335 1237 2367; x_wconf 82' lang='lat' dir='ltr'><strong>habet</strong></span> <span class='ocrx_word' id='word_1_495' title='bbox 1253 2332 1430 2373; x_wconf 68' lang='grc' dir='ltr'><strong><em>πέποσθε,</em></strong></span> <span class='ocrx_word' id='word_1_496' title='bbox 1451 2344 1514 2366; x_wconf 89' lang='lat' dir='ltr'><strong><em>nec</em></strong></span> <span class='ocrx_word' id='word_1_497' title='bbox 1532 2333 1694 2366; x_wconf 87' lang='lat' dir='ltr'><strong>usitatum</strong></span> <span class='ocrx_word' id='word_1_498' title='bbox 1715 2331 1780 2368; x_wconf 54' lang='grc' dir='ltr'><strong><em>πεῖ·</em></strong></span> 
     </span>
     <span class='ocr_line' id='line_1_80' title="bbox 970 2378 1778 2424; baseline -0.006 -8"><span class='ocrx_word' id='word_1_499' title='bbox 970 2383 1094 2416; x_wconf 81' lang='grc' dir='ltr'><strong><em>πασθε</em></strong></span> <span class='ocrx_word' id='word_1_500' title='bbox 1119 2386 1173 2413; x_wconf 87' lang='lat' dir='ltr'><strong><em>est</em></strong></span> <span class='ocrx_word' id='word_1_501' title='bbox 1199 2379 1366 2419; x_wconf 88' lang='lat' dir='ltr'><strong>Homero,</strong></span> <span class='ocrx_word' id='word_1_502' title='bbox 1391 2384 1430 2412; x_wconf 83' lang='lat' dir='ltr'><strong><em>ut</em></strong></span> <span class='ocrx_word' id='word_1_503' title='bbox 1452 2379 1506 2412; x_wconf 88' lang='lat' dir='ltr'><strong>Cl.</strong></span> <span class='ocrx_word' id='word_1_504' title='bbox 1530 2379 1676 2420; x_wconf 80' lang='lat' dir='ltr'><strong><em>notavit,</em></strong></span> <span class='ocrx_word' id='word_1_505' title='bbox 1700 2378 1778 2424; x_wconf 90' lang='lat' dir='ltr'><strong>qui-</strong></span> 
     </span>
    </p>
   </div>
   <div class='ocr_carea' id='block_1_9' title="bbox 972 2424 1845 2467">
    <p class='ocr_par' dir='ltr' id='par_1_16' title="bbox 972 2424 1845 2467">
     <span class='ocr_line' id='line_1_81' title="bbox 972 2424 1845 2467; baseline -0.005 -6"><span class='ocrx_word' id='word_1_506' title='bbox 972 2439 1048 2462; x_wconf 90' lang='lat' dir='ltr'><strong><em>cum</em></strong></span> <span class='ocrx_word' id='word_1_507' title='bbox 1073 2432 1167 2460; x_wconf 88' lang='lat' dir='ltr'><strong>errat</strong></span> <span class='ocrx_word' id='word_1_508' title='bbox 1192 2426 1338 2467; x_wconf 58' lang='lat' dir='ltr'><strong>Buttm„</strong></span> <span class='ocrx_word' id='word_1_509' title='bbox 1372 2424 1561 2458; x_wconf 73' lang='lat' dir='ltr'><strong>Aristarchi</strong></span> <span class='ocrx_word' id='word_1_510' title='bbox 1591 2425 1679 2458; x_wconf 88' lang='lat' dir='ltr'><strong>hanc</strong></span> <span class='ocrx_word' id='word_1_511' title='bbox 1703 2435 1779 2458; x_wconf 86' lang='lat' dir='ltr'><strong>esse</strong></span> <span class='ocrx_word' id='word_1_512' title='bbox 1843 2448 1845 2455; x_wconf 44' lang='grc' dir='ltr'><strong><em>ι</em></strong></span> 
     </span>
    </p>
   </div>
   <div class='ocr_carea' id='block_1_10' title="bbox 972 2470 1787 3021">
    <p class='ocr_par' dir='ltr' id='par_1_17' title="bbox 972 2470 1783 2738">
     <span class='ocr_line' id='line_1_82' title="bbox 972 2470 1780 2524; baseline -0.004 -17"><span class='ocrx_word' id='word_1_513' title='bbox 972 2473 1175 2524; x_wconf 83' lang='lat' dir='ltr'><strong>scripturam</strong></span> <span class='ocrx_word' id='word_1_514' title='bbox 1201 2471 1341 2512; x_wconf 86' lang='lat' dir='ltr'><strong>dicens,</strong></span> <span class='ocrx_word' id='word_1_515' title='bbox 1375 2476 1466 2504; x_wconf 80' lang='lat' dir='ltr'><strong>teste</strong></span> <span class='ocrx_word' id='word_1_516' title='bbox 1492 2471 1694 2510; x_wconf 80' lang='lat' dir='ltr'><strong>Eustathio,</strong></span> <span class='ocrx_word' id='word_1_517' title='bbox 1721 2470 1780 2514; x_wconf 86' lang='lat' dir='ltr'><strong>qui</strong></span> 
     </span>
     <span class='ocr_line' id='line_1_83' title="bbox 973 2515 1778 2560; baseline -0.004 -8"><span class='ocrx_word' id='word_1_518' title='bbox 973 2521 1016 2553; x_wconf 88' lang='lat' dir='ltr'><strong><em>de</em></strong></span> <span class='ocrx_word' id='word_1_519' title='bbox 1041 2520 1104 2551; x_wconf 92' lang='lat' dir='ltr'><strong><em>hoc</em></strong></span> <span class='ocrx_word' id='word_1_520' title='bbox 1130 2515 1218 2551; x_wconf 76' lang='grc' dir='ltr'><strong><em>ούὸὲ</em></strong></span> <span class='ocrx_word' id='word_1_521' title='bbox 1243 2530 1330 2560; x_wconf 78' lang='grc' dir='ltr'><strong><em>γρυ,</em></strong></span> <span class='ocrx_word' id='word_1_522' title='bbox 1368 2522 1464 2550; x_wconf 80' lang='lat' dir='ltr'><strong>certe</strong></span> <span class='ocrx_word' id='word_1_523' title='bbox 1488 2516 1566 2557; x_wconf 90' lang='lat' dir='ltr'><strong>ed.‚</strong></span> <span class='ocrx_word' id='word_1_524' title='bbox 1597 2528 1664 2560; x_wconf 88' lang='lat' dir='ltr'><strong><em>qua</em></strong></span> <span class='ocrx_word' id='word_1_525' title='bbox 1689 2523 1778 2559; x_wconf 90' lang='lat' dir='ltr'><strong>utor,</strong></span> 
     </span>
     <span class='ocr_line' id='line_1_84' title="bbox 973 2562 1782 2616; baseline -0.001 -19"><span class='ocrx_word' id='word_1_526' title='bbox 973 2563 1146 2609; x_wconf 76' lang='lat' dir='ltr'><strong>Weigelii.</strong></span> <span class='ocrx_word' id='word_1_527' title='bbox 1174 2569 1209 2596; x_wconf 91' lang='lat' dir='ltr'><strong><em>et</em></strong></span> <span class='ocrx_word' id='word_1_528' title='bbox 1229 2564 1294 2604; x_wconf 82' lang='lat' dir='ltr'><strong><em>sac,</em></strong></span> <span class='ocrx_word' id='word_1_529' title='bbox 1315 2563 1350 2596; x_wconf 85' lang='lat' dir='ltr'><strong>id</strong></span> <span class='ocrx_word' id='word_1_530' title='bbox 1371 2563 1569 2596; x_wconf 78' lang='lat' dir='ltr'><strong>Aristarcho</strong></span> <span class='ocrx_word' id='word_1_531' title='bbox 1590 2562 1782 2616; x_wconf 79' lang='lat' dir='ltr'><strong>placuisse3</strong></span> 
     </span>
     <span class='ocr_line' id='line_1_85' title="bbox 973 2595 1783 2656; baseline -0.004 -12"><span class='ocrx_word' id='word_1_532' title='bbox 973 2595 1075 2656; x_wconf 59' lang='lat' dir='ltr'><strong><em>quid¹³</em></strong></span> <span class='ocrx_word' id='word_1_533' title='bbox 1077 2616 1147 2643; x_wconf 90' lang='lat' dir='ltr'><strong><em>tum</em></strong></span> <span class='ocrx_word' id='word_1_534' title='bbox 1171 2609 1314 2653; x_wconf 68' lang='lat' dir='ltr'><strong>postea?</strong></span> <span class='ocrx_word' id='word_1_535' title='bbox 1339 2620 1406 2643; x_wconf 92' lang='lat' dir='ltr'><strong><em>non</em></strong></span> <span class='ocrx_word' id='word_1_536' title='bbox 1426 2609 1529 2642; x_wconf 84' lang='lat' dir='ltr'><strong>semel</strong></span> <span class='ocrx_word' id='word_1_537' title='bbox 1555 2607 1783 2642; x_wconf 80' lang='lat' dir='ltr'><strong>hallucinatus</strong></span> 
     </span>
     <span class='ocr_line' id='line_1_86' title="bbox 973 2652 1783 2696; baseline -0.002 -5"><span class='ocrx_word' id='word_1_538' title='bbox 973 2663 1027 2691; x_wconf 87' lang='lat' dir='ltr'><strong><em>est</em></strong></span> <span class='ocrx_word' id='word_1_539' title='bbox 1051 2656 1106 2689; x_wconf 82' lang='lat' dir='ltr'><strong>iile</strong></span> <span class='ocrx_word' id='word_1_540' title='bbox 1132 2655 1295 2689; x_wconf 82' lang='lat' dir='ltr'><strong>Criticus.</strong></span> <span class='ocrx_word' id='word_1_541' title='bbox 1314 2675 1361 2681; x_wconf 94' lang='lat'><strong>—</strong></span> <span class='ocrx_word' id='word_1_542' title='bbox 1400 2658 1487 2690; x_wconf 81' lang='grc' dir='ltr'><strong><em>τελ.</em></strong></span> <span class='ocrx_word' id='word_1_543' title='bbox 1520 2654 1588 2696; x_wconf 80' lang='grc' dir='ltr'><strong><em>εἰς</em></strong></span> <span class='ocrx_word' id='word_1_544' title='bbox 1618 2652 1783 2690; x_wconf 76' lang='grc' dir='ltr'><strong><em>ἐνιαυ-</em></strong></span> 
     </span>
     <span class='ocr_line' id='line_1_87' title="bbox 973 2699 1674 2742; baseline -0.001 -4"><span class='ocrx_word' id='word_1_545' title='bbox 973 2701 1062 2738; x_wconf 84' lang='grc' dir='ltr'><strong><em>τόν.</em></strong></span> <span class='ocrx_word' id='word_1_546' title='bbox 1094 2699 1138 2742; x_wconf 85' lang='grc' dir='ltr'><strong><em>δ’,</em></strong></span> <span class='ocrx_word' id='word_1_547' title='bbox 1163 2703 1217 2738; x_wconf 90' lang='grc'><strong><em>86</em></strong></span> <span class='ocrx_word' id='word_1_548' title='bbox 1668 2718 1674 2723; x_wconf 76' lang='grc'><strong>-</strong></span> 
     </span>
    </p>

    <p class='ocr_par' dir='ltr' id='par_1_18' title="bbox 1021 2746 1619 2788">
     <span class='ocr_line' id='line_1_88' title="bbox 1021 2746 1619 2788; baseline -0.007 -5"><span class='ocrx_word' id='word_1_549' title='bbox 1021 2748 1101 2783; x_wconf 89' lang='grc'><strong><em>467.</em></strong></span> <span class='ocrx_word' id='word_1_550' title='bbox 1150 2746 1185 2788; x_wconf 88' lang='grc' dir='ltr'><strong><em>ι’,</em></strong></span> <span class='ocrx_word' id='word_1_551' title='bbox 1211 2748 1298 2788; x_wconf 75' lang='lat'>162,</span> <span class='ocrx_word' id='word_1_552' title='bbox 1324 2747 1391 2782; x_wconf 84' lang='lat'><strong><em>557</em></strong></span> <span class='ocrx_word' id='word_1_553' title='bbox 1415 2752 1482 2780; x_wconf 90' lang='lat' dir='ltr'><strong>etc.</strong></span> <span class='ocrx_word' id='word_1_554' title='bbox 1615 2760 1619 2762; x_wconf 93' lang='lat'>·</span> 
     </span>
    </p>

    <p class='ocr_par' dir='ltr' id='par_1_19' title="bbox 976 2788 1785 2930">
     <span class='ocr_line' id='line_1_89' title="bbox 1020 2788 1782 2837; baseline -0.007 -8"><span class='ocrx_word' id='word_1_555' title='bbox 1020 2795 1100 2829; x_wconf 84' lang='lat'>469.</span> <span class='ocrx_word' id='word_1_556' title='bbox 1151 2795 1224 2829; x_wconf 79' lang='lat' dir='ltr'><strong>Am.</strong></span> <span class='ocrx_word' id='word_1_557' title='bbox 1247 2793 1291 2833; x_wconf 84' lang='lat' dir='ltr'><strong>Q.</strong></span> <span class='ocrx_word' id='word_1_558' title='bbox 1318 2798 1352 2826; x_wconf 91' lang='lat' dir='ltr'><strong><em>et</em></strong></span> <span class='ocrx_word' id='word_1_559' title='bbox 1375 2793 1429 2826; x_wconf 87' lang='grc' dir='ltr'><strong><em>Β.</em></strong></span> <span class='ocrx_word' id='word_1_560' title='bbox 1457 2792 1572 2849; x_wconf 77' lang='grc' dir='ltr'><strong><em>περὶ</em></strong></span> <span class='ocrx_word' id='word_1_561' title='bbox 1589 2788 1629 2826; x_wconf 86' lang='lat'><strong><em>6</em></strong></span> <span class='ocrx_word' id='word_1_562' title='bbox 1654 2789 1782 2833; x_wconf 82' lang='grc' dir='ltr'><strong><em>ἔτρα-</em></strong></span> 
     </span>
     <span class='ocr_line' id='line_1_90' title="bbox 976 2805 1785 2882; baseline -0.002 -8"><span class='ocrx_word' id='word_1_563' title='bbox 976 2853 1065 2875; x_wconf 80' lang='grc' dir='ltr'><strong><em>πον</em></strong></span> <span class='ocrx_word' id='word_1_564' title='bbox 1091 2834 1223 2881; x_wconf 74' lang='grc' dir='ltr'><strong><em>ὧραι.</em></strong></span> <span class='ocrx_word' id='word_1_565' title='bbox 1257 2840 1456 2880; x_wconf 79' lang='grc' dir='ltr'><strong><em>παρῆλθον</em></strong></span> <span class='ocrx_word' id='word_1_566' title='bbox 1480 2805 1541 2872; x_wconf 69' lang='grc' dir='ltr'><strong><em>αὶρ</em></strong></span> <span class='ocrx_word' id='word_1_567' title='bbox 1545 2834 1660 2882; x_wconf 79' lang='grc' dir='ltr'><strong><em>ὧραι,</em></strong></span> <span class='ocrx_word' id='word_1_568' title='bbox 1683 2837 1785 2882; x_wconf 77' lang='grc' dir='ltr'><strong><em>ἐαρι-</em></strong></span> 
     </span>
     <span class='ocr_line' id='line_1_91' title="bbox 978 2884 1383 2930; baseline -0.005 -8"><span class='ocrx_word' id='word_1_569' title='bbox 978 2886 1047 2930; x_wconf 78' lang='grc' dir='ltr'><strong><em>νή,</em></strong></span> <span class='ocrx_word' id='word_1_570' title='bbox 1070 2885 1204 2930; x_wconf 73' lang='grc' dir='ltr'><strong><em>θερινῇ</em></strong></span> <span class='ocrx_word' id='word_1_571' title='bbox 1231 2898 1263 2918; x_wconf 85' lang='grc' dir='ltr'><strong><em>κ.</em></strong></span> <span class='ocrx_word' id='word_1_572' title='bbox 1291 2884 1383 2927; x_wconf 61' lang='lat' dir='ltr'><strong>egris·</strong></span> 
     </span>
    </p>

    <p class='ocr_par' dir='ltr' id='par_1_20' title="bbox 981 2928 1786 3021">
     <span class='ocr_line' id='line_1_92' title="bbox 1025 2928 1786 2967; baseline -0.005 0"><span class='ocrx_word' id='word_1_573' title='bbox 1025 2931 1102 2967; x_wconf 85' lang='lat'><strong><em>470.</em></strong></span> <span class='ocrx_word' id='word_1_574' title='bbox 1140 2944 1203 2965; x_wconf 84' lang='lat' dir='ltr'><strong><em>non</em></strong></span> <span class='ocrx_word' id='word_1_575' title='bbox 1226 2932 1416 2965; x_wconf 71' lang='lat' dir='ltr'><strong>habebatur</strong></span> <span class='ocrx_word' id='word_1_576' title='bbox 1436 2929 1491 2963; x_wconf 74' lang='lat' dir='ltr'><strong><em>ffic</em></strong></span> <span class='ocrx_word' id='word_1_577' title='bbox 1514 2940 1633 2963; x_wconf 73' lang='lat' dir='ltr'><strong>versus</strong></span> <span class='ocrx_word' id='word_1_578' title='bbox 1653 2928 1686 2962; x_wconf 80' lang='lat' dir='ltr'><strong>in</strong></span> <span class='ocrx_word' id='word_1_579' title='bbox 1708 2929 1786 2963; x_wconf 86' lang='lat' dir='ltr'><strong>MS.</strong></span> 
     </span>
     <span class='ocr_line' id='line_1_93' title="bbox 981 2975 1787 3021; baseline -0.003 -9"><span class='ocrx_word' id='word_1_580' title='bbox 981 2979 1014 3012; x_wconf 87' lang='lat'><strong><em>&#39;1</em></strong></span> <span class='ocrx_word' id='word_1_581' title='bbox 1020 2980 1136 3012; x_wconf 78' lang='lat' dir='ltr'><strong>homae</strong></span> <span class='ocrx_word' id='word_1_582' title='bbox 1154 2978 1299 3021; x_wconf 75' lang='lat' dir='ltr'><strong>Beutleji</strong></span> <span class='ocrx_word' id='word_1_583' title='bbox 1321 2983 1355 3011; x_wconf 82' lang='lat' dir='ltr'><strong><em>et</em></strong></span> <span class='ocrx_word' id='word_1_584' title='bbox 1379 2977 1412 3010; x_wconf 91' lang='lat' dir='ltr'><strong>in</strong></span> <span class='ocrx_word' id='word_1_585' title='bbox 1432 2975 1509 3011; x_wconf 82' lang='lat' dir='ltr'><strong>edd.</strong></span> <span class='ocrx_word' id='word_1_586' title='bbox 1527 2976 1695 3010; x_wconf 67' lang='lat' dir='ltr'><strong>nonnullis</strong></span> <span class='ocrx_word' id='word_1_587' title='bbox 1720 2987 1787 3010; x_wconf 83' lang='lat' dir='ltr'><strong><em>me</em></strong></span> 
     </span>
    </p>
   </div>
   <div class='ocr_carea' id='block_1_11' title="bbox 1800 0 1856 3282">
    <p class='ocr_par' dir='ltr' id='par_1_21' title="bbox 1800 0 1856 3282">
     <span class='ocr_line' id='line_1_94' title="bbox 1800 0 1856 3282; baseline 0 0"><span class='ocrx_word' id='word_1_588' title='bbox 1800 0 1856 3282; x_wconf 95' lang='lat' dir='ltr'><strong><em> </em></strong></span> 
     </span>
    </p>
   </div>
  </div>
 </body>
</html>
