1856 3282
202 159 282 199 196

367 264 475 308 ἔνθα
509 279 560 334 με
592 267 860 318 Θεσπρωτῶν
890 261 1093 317 βασιλεύς
1121 261 1379 314 ἐκομίσσατο
1412 260 1580 305 Φείδων
1636 274 1640 276 ’

366 319 480 375 ἥρως
508 319 739 375 άπριάτην·
769 323 848 363 τοῦ
876 319 960 374 γὰρ
990 320 1114 373 φίλος
1142 317 1240 368 υιὸς
1267 316 1463 388 ἐπελθών

257 380 338 421 320
368 379 510 446 αἴθρῳ
538 377 610 420 καὶ
637 375 814 446 καμάτῳ
838 376 1110 447 δεδμημένον
1142 370 1245 429 ἦγεν
1274 373 1316 424 ἐς
1344 370 1480 424 οἷκον,

365 432 508 502 χειρός
539 432 802 488 ἀναστήσας,
832 430 938 485 ὄφρ’
970 433 1084 474 ἵκετο
1115 430 1289 500 δώματα
1321 427 1506 482 πατρός·

368 487 480 544 ἀμφὶ
508 487 553 532 δέ
581 504 632 545 με
658 459 836 544 χλαῖνάν
863 503 928 541 τε,
958 487 1116 543 χιτῶνά
1144 502 1209 535 τε,
1246 486 1396 542 εἵματα
1423 484 1557 528 ἕσσεν.

414 600 528 645 ibique
558 601 689 646 Ul5ssis
719 601 791 635 fata
822 599 1048 642 inaudivisse,
1082 610 1290 644 magnasque
1319 598 1361 632 ab
1398 609 1438 631 eo
1469 597 1632 632 collectas
1663 609 1744 642 opes
1779 598 1822 632 vi-

335 645 426 679 disse
457 646 547 692 apud
569 658 685 691 regem
709 648 1000 693 Thesprotorum‚
1034 646 1094 691 qui
1122 652 1241 679 servet
1269 644 1367 685 illas,
1411 643 1489 677 dum
1511 643 1655 688 Ulysses
1688 644 1824 679 Dodone

334 691 485 728 redierit.

441 767 601 821 ,,Ἕνθ’
634 768 843 825 Ὀδυσῆος
872 769 953 824 ἐγω
984 767 1212 824 πυθόμην·
1246 773 1389 818 κεῖνος
1417 766 1502 822 γάρ
1532 767 1693 823 ε’φασκε

362 825 540 876 ξεινίσαι
569 823 642 879 ἡδὲ
671 831 854 896 φιλῆσαι
883 825 992 869 ἰόντ’
1023 825 1065 875 ἐς
1093 825 1280 878 πατρίδα
1307 828 1459 894 γαῖαν·

254 884 335 924 325
363 882 437 923 καί
466 897 541 933 μοι
571 881 753 935 κτήματ’
787 882 964 934 ε’δειξεν,
998 881 1078 924 ὅσα
1109 880 1373 935 ξυναγείρατ’
1405 878 1649 934 Ὀδυσσεύς,

363 935 524 1005 χαλκόν
552 951 616 986 τε,
647 936 810 991 χρυσόν
838 953 906 989 τε,
935 936 1214 1006 πολύκμητόν
1243 952 1287 980 τε
1314 938 1505 990 σίδηρον.

362 992 436 1034 καί
463 991 520 1034 νύ
550 1007 626 1034 κεν
653 992 697 1042 ἐς
727 991 910 1062 δεκάτην
939 992 1092 1060 γενεήν
1122 991 1269 1045 ἕτερόν
1278 991 1343 1060 γ’
1373 992 1433 1035 ε’τι
1465 990 1638 1047 βόσκοι·

360 1047 494 1090 τόσσα
524 1049 566 1090 οἱ
590 1047 637 1091 ἐν
667 1048 870 1103 μεγάροις
898 1048 1097 1119 κειμηλια
1124 1052 1239 1091 κεῖτο
1271 1063 1467 1098 ανακτος.

362 1102 440 1147 τόν
471 1102 517 1149 δ’
549 1104 592 1155 ἐς
619 1104 846 1161 Δωδώνην
879 1104 992 1161 φάτο
1024 1103 1230 1160 βήμεναι,
1262 1103 1380 1160 ὄφρα
1408 1107 1555 1148 θεοῖο

193 1295 259 1328 περ
263 1281 275 1319 ὶ
298 1282 345 1318 τά
368 1283 498 1329 έσχατα
521 1285 584 1330 τῆς
605 1285 815 1326 Θεσσαλίας.
861 1285 990 1319 Plinius

194 1329 238 1362 H.
237 1296 310 1365 Ν.
333 1330 376 1371 4,
401 1333 453 1364 1.:
492 1332 614 1385 Epium.
640 1333 676 1365 in
706 1334 902 1365 universum
925 1343 990 1376 ap-

190 1376 324 1418 pellata
335 1379 589 1411 Acrocerauniis
601 1378 720 1422 incipit
737 1379 913 1411 montibus
949 1379 990 1411 In

193 1432 235 1454 ea
263 1422 367 1464 primi
401 1423 574 1464 Chaones,
609 1435 632 1456 a
664 1424 784 1468 quibus
813 1424 990 1464 Chaonia,

192 1467 272 1500 dein
291 1467 499 1512 Thesproti3
517 1488 561 1494 —
585 1470 757 1513 Dryopes,-
781 1470 886 1510 Selli3
905 1469 990 1504 Hel-

191 1512 304 1565 Iope-⁴55
328 1513 483 1557 Molossi,
512 1515 604 1558 apud
627 1527 708 1559 quos
731 1516 909 1549 Dodonaei
930 1517 991 1549 Jo-

190 1559 243 1591 vis
266 1561 446 1602 templum,
469 1563 605 1594 oraculo
628 1562 772 1595 illustre.
791 1581 836 1586 —
866 1563 991 1606 Epirus

190 1604 268 1647 ipsa
289 1605 336 1637 ad
352 1606 573 1650 Magnesiam
593 1607 898 1650 Macedoniamque
915 1612 991 1641 ten-

190 1651 274 1684 dens
305 1662 328 1683 a
360 1657 460 1696 tergo
494 1663 553 1685 suo
585 1653 811 1694 Dassaretas,
849 1654 990 1687 liberam

189 1701 350 1740 gentem,
372 1709 447 1730 mox
462 1700 580 1740 feram
603 1699 786 1732 Dardanos
808 1699 923 1732 habet.
945 1716 990 1723 —

184 1743 316 1785 flumen
338 1742 571 1787 Thesprotiae
597 1745 758 1787 T'zyamis
782 1744 903 1788 (hodie
923 1744 990 1777 Ca-

191 1789 297 1821 lama.
339 1788 509 1824 Harduin.
521 1790 561 1833 );
614 1791 745 1823 colonia
784 1791 990 1823 Buthrotum

192 1833 312 1877 (hodie
329 1834 498 1868 Butrinto.
529 1833 620 1868 Idem
624 1836 675 1878 .);
701 1836 913 1880 maximeque
929 1847 990 1868 no-

191 1880 345 1913 bilitatus
356 1879 671 1924 (ActiacaAugusti
682 1882 837 1915 victonia.
864 1882 967 1914 Idem.
971 1881 989 1924 )

192 1926 392 1960 Ambracius
422 1926 514 1959 sinus
546 1932 613 1962 eto.
659 1927 704 1963 cf.
735 1927 858 1960 Cellar.
892 1929 922 1961 1.
954 1938 988 1971 p.

194 1973 294 2008 1086.
313 1991 358 1996 —
389 1972 462 2005 Am.
487 1971 532 2011 Q.
557 1971 669 2007 etB.:
701 1971 987 2029 ἐκομίσσατο

193 2017 251 2061 (ζ’,
275 2018 353 2058 278,
377 2013 616 2060 ΙΙ.θ,283.)
643 2016 722 2053 ἀντὶ
746 2019 816 2053 ¹co6
840 2016 988 2063 ἀνεκτή-

193 2075 280 2098 σατο
298 2062 477 2119 (restituit,
494 2063 627 2104 refecit,
646 2064 764 2107 fovit),
789 2064 990 2108 ἐπιμελειας

192 2107 345 2153 ἠξίωσεν
379 2106 537 2152 ἐλεήσας.
568 2128 613 2133 -
654 2109 754 2144 iidem
788 2116 822 2143 et
854 2111 988 2145 Palam

193 2154 446 2208 ἀπριάτην
472 2153 529 2196 (ll.
552 2153 608 2195 α’,
631 2156 709 2197 99.,
745 2156 802 2190 ubi
827 2168 858 2190 ι.
883 2167 959 2189 anu.
964 2156 990 2210 )-.

193 2200 396 2257 επίρρημα,
421 2195 471 2239 ὥς
493 2197 624 2244 ἄντην,
646 2200 785 2246 μάτην,
816 2200 897 2236 ἀντὶ
921 2202 990 2236 τοῦ

194 2244 393 2289 ἅπριάτως,
408 2243 514 2281 ὅέστι
524 2249 671 2289 προῖκα.
683 2267 726 2271 --
751 2252 872 2282 notant
881 2248 990 2281 Scho-

193 2293 314 2327 liastae
337 2291 550 2326 masculinum
575 2290 750 2337 αἷθρος
773 2305 855 2383 prop
860 2294 988 2337 αἴθρη,

195 2338 286 2383 quod
320 2336 498 2381 usurpavit
533 2335 584 2380 ζ,
607 2338 663 2372 44.
697 2344 733 2373 et
763 2338 803 2372 11.
873 2341 988 2381 ,.646

194 2385 261 2418 alia
284 2381 510 2437 hujuscemodi
529 2383 661 2418 nomina
677 2385 831 2419 biformia
835 2353 883 2419 PE
899 2397 989 2419 com-

194 2429 391 2464 memoravit
428 2426 526 2472 ωνὴν
567 2441 684 2471 ωνον,
724 2429 836 2475 χολὴν
867 2430 987 2476 χόλον.

194 2475 286 2519 quod
309 2474 404 2509 addit
433 2473 550 2509 πύλον
574 2486 635 2518 pro
658 2475 753 2521 πύλη
764 2477 846 2517 ‚de
879 2489 919 2511 eo
951 2489 984 2511 v.

195 2531 271 2556 ann.
302 2521 347 2555 ad
376 2520 416 2556 11.
451 2518 496 2561 ε’,
520 2520 598 2554 397.
644 2526 791 2556 ceterum
824 2527 894 2556 Am.
925 2523 986 2557 Β.-

193 2566 369 2621 nci'mfiocp
398 2565 613 2610 ψυχρότητι.
661 2568 723 2611 Ap.
748 2568 897 2602 emend..
922 2567 987 2603 αἶ-

193 2613 309 2667 θρος
330 2610 371 2646 τὸ
396 2611 435 2646 ἐκ
457 2613 521 2655 τῆς
545 2613 697 2654 αἰθρίας
728 2614 883 2654 πνεῦμα.
930 2615 986 2649 Ε·

195 2670 248 2692 ετι
270 2654 288 2692 6
315 2655 580 2703 ὑποβολιμαῖος
603 2655 711 2698 οὗτος
726 2658 903 2703 Κρητικὸς
926 2660 988 2695 καὶ

197 2703 363 2738 Φείδωνα
386 2717 470 2738 τινα
492 2704 645 2747 ἱστορεῖ,
671 2706 897 2760 Θεσπρωτῶν
916 2707 986 2752 βα-

196 2748 306 2792 σιλέα,
333 2745 375 2790 ὃς
397 2747 513 2785 αὐτὸν
531 2751 649 2795 δῆθεν
665 2750 904 2794 περιεσώσατο
922 2753 988 2786 αἴ-

194 2796 293 2839 θρφ
322 2807 354 2829 κ.
379 2808 411 2829 κ.
435 2797 582 2851 δεδμ.,
613 2796 839 2839 παρελκύσας
869 2799 986 2833 ταῦτα

196 2838 235 2875 ἐκ
257 2853 330 2875 των
352 2840 445 2875 κατὰ
468 2840 536 2885 τὴν
562 2845 764 2886 Φαιακίαν,
799 2843 893 2878 ἔνθα
920 2844 984 2879 καὶ

196 2884 262 2928 (ε’,
285 2885 369 2930 467)
401 2885 477 2940 τὴν
489 2886 583 2933 ἑῴαν
602 2890 774 2945 στίβην
797 2888 927 2925 ἐδεδίει
949 2904 980 2924 κ.

197 2929 238 2964 τὸ
262 2930 402 2968 ἐκεῖθεν
423 2924 563 2976 ψύχός,
597 2931 619 2970 ὃ
640 2935 804 2971 ἐνταῦθα
827 2936 891 2972 διὰ
915 2936 984 2971 τοῦ

197 2976 334 3020 αἴθρου
349 2976 542 3023 ὑποδηλοῖ.
560 2999 603 3006 -
628 2979 786 3027 χειρὸς
805 2980 869 3019 οἷν.
861 3007 884 3024 ·‚
907 2993 983 3016 ma-

817 153 1208 197 OMHPOY

1035 1296 1082 1319 πιι
1105 1285 1330 1321 sublevatum.
1362 1285 1408 1318 cf.
1433 1282 1489 1329 η’,
1515 1283 1601 1324 163,
1627 1283 1692 1318 170
1709 1285 1827 1316 etc.—

1035 1329 1242 1376 χλαῖνάν
1267 1344 1335 1374 τε,
1358 1342 1543 1375 χιτωνα
1566 1340 1624 1364 τε
1658 1328 1735 1376 134.

1082 1423 1191 1457 324-
1196 1421 1274 1458 334.
1311 1422 1524 1466 φιλῆσαι,
1546 1421 1655 1454 amice
1669 1420 1828 1455 habuisse

1074 1470 1172 1509 ,256
1189 1475 1255 1504 etc.
1270 1486 1315 1493 —
1338 1469 1410 1503 Am.
1431 1468 1496 1508 Q:
1519 1465 1826 1510 πολύκμητον

1036 1513 1102 1558 (φ,
1128 1517 1190 1556 10,
1214 1515 1252 1547 11.
1276 1513 1325 1556 ζ’,
1348 1512 1395 1548 48
1407 1513 1504 1568 etc.)
1534 1513 1599 1548 τόν
1621 1511 1829 1557 πολυδάμα.

1036 1572 1123 1595 στον
1156 1558 1318 1615 σφύραις
1345 1573 1376 1594 κ.
1399 1572 1544 1602 ακμονι.
1591 1558 1680 1592 idem
1705 1564 1741 1593 et
1764 1561 1830 1595 Asu

1036 1607 1101 1640 B.=
1134 1608 1212 1641 καί
1249 1605 1300 1642 νύ
1334 1617 1411 1640 κεν
1434 1603 1679 1659 -γενεήν.
1722 1603 1831 1648 γένος

1035 1650 1054 1688 ὁ
1082 1650 1121 1686 δὲ
1144 1653 1255 1693 νοῦς,
1288 1665 1334 1687 τα
1356 1649 1524 1708 χρήματα
1553 1649 1718 1696 βόσκοι
1705 1650 1752 1686 ἂν
1774 1653 1831 1696 μέ-

1034 1711 1094 1742 χρι
1123 1698 1277 1742 δεκάτης
1310 1709 1436 1751 γενεας
1473 1710 1598 1740 ετερον
1637 1695 1676 1739 ἐξ
1708 1711 1763 1734 ste
1748 1697 1831 1743 έρου

1035 1743 1296 1788 διαδεχόμενον
1329 1756 1430 1784 παρα
1460 1742 1600 1785 πατρὸς
1630 1745 1759 1778 παῖδα.
1789 1764 1830 1769 --

1034 1789 1114 1823 Sch.
1134 1796 1169 1822 et
1185 1792 1257 1823 Am.
1272 1791 1336 1830 Q.:
1363 1788 1445 1824 τὸν
1469 1788 1508 1825 δ’
1534 1789 1832 1835 ε’ςΔωδώνην.

1035 1833 1104 1878 (τ’,
1128 1837 1217 1876 296,
1251 1836 1311 1869 ubi
1339 1846 1457 1869 versus
1488 1837 1575 1878 325,
1597 1836 1690 1877 327,
1711 1838 1832 1872 328-

1034 1882 1123 1922 332,
1147 1882 1267 1916 334-
1279 1882 1360 1922 337,
1384 1882 1505 1916 iterum
1524 1882 1701 1925 leguntur,
1725 1882 1767 1916 ΙΙ.
1790 1881 1832 1928 β’

1034 1927 1122 1967 750,
1146 1925 1181 1961 π’
1193 1951 1204 1968 ,
1226 1928 1349 1962 233-
1357 1928 1437 1963 235.
1483 1939 1516 1962 v.
1546 1926 1594 1960 ibi
1617 1937 1694 1961 ann.
1703 1951 1719 1985 ‚’
1743 1932 1780 1963 et
1803 1930 1833 1963 Ε

1034 1972 1067 2006 h.
1091 1972 1132 2015 l.)
1166 1972 1329 2017 ποιμήν,
1362 1972 1482 2016 νέμων
1504 1971 1672 2017 πρόβατα
1695 1986 1734 2009 εν
1758 1978 1834 2017 τοῖς

1033 2018 1098 2062 τῆς
1123 2020 1308 2059 Δωδῶνος
1326 2019 1416 2062 (Am.
1437 2020 1480 2060 Q.
1502 2018 1705 2074 Δωδώνης)
1729 2019 1834 2062 ἕλεσι,

1032 2065 1102 2099 τοῦ
1124 2064 1233 2105 πέλας
1254 2063 1431 2108 ὑφείλατο
1457 2065 1545 2108 (Am.
1567 2064 1612 2104 Q.
1635 2063 1834 2112 ὑφίστατο)

1033 2108 1152 2153 νομήν
1182 2111 1360 2155 (gregem)
1398 2112 1610 2155 καλλίστην,
1649 2123 1682 2145 κ.
1711 2113 1834 2156 ειρξας

1035 2157 1087 2196 εἰς
1101 2155 1168 2199 τήν
1180 2156 1356 2200 σφετέραν
1369 2156 1486 2202 αὔλην
1497 2156 1711 2201 ἐφύλασσεν.
1737 2157 1833 2195 ὅθεν

1033 2201 1098 2236 τόν
1129 2201 1311 2259 δεσπότην
1346 2203 1437 2246 φασὶ
1470 2204 1588 2257 ζητεῖν
1624 2202 1725 2248 παρά
1756 2208 1835 2246 τοῖς

1033 2247 1178 2291 ποιμέσι
1203 2248 1250 2283 τά
1270 2247 1488 2292 κεκλεμμένα
1504 2247 1683 2294 πρόβατα,
1705 2248 1756 2294 μὴ
1771 2250 1831 2286 εὖ·

1033 2294 1146 2336 ρόντα
1177 2293 1219 2330 δὲ
1241 2293 1383 2349 έριιιτςιν
1410 2293 1474 2330 τόν
1497 2295 1613 2336 θεὸν,
1646 2298 1702 2336 τίς
1732 2295 1829 2332 ἐστιν

1035 2337 1054 2375 ὁ
1079 2340 1223 2384 κλέψας.
1258 2339 1340 2376 τότε
1363 2340 1508 2382 πρῶτόν
1532 2352 1625 2385 φασι
1645 2340 1713 2386 τήν
1737 2344 1830 2386 δρῦν

1034 2386 1164 2430 φωνήν
1187 2385 1361 2430 ἀφεῖναι,
1395 2384 1452 2422 ὅτι
1479 2387 1553 2422 ταῖν
1576 2387 1832 2426 ἀκολουθούν-

1032 2445 1104 2466 των
1129 2430 1148 2469 ὁ
1172 2444 1363 2474 νεωτατος.
1402 2433 1619 2476 ἐξετάσαντα
1644 2432 1684 2468 δὲ
1707 2447 1747 2470 το
1770 2435 1831 2472 λό-

1032 2491 1112 2522 γιον
1151 2476 1271 2522 ευρεῖν
1309 2492 1410 2522 παρα
1440 2482 1492 2527 τῷ
1521 2478 1668 2523 ποιμένι
1701 2482 1830 2517 νεωστὶ

1031 2523 1251 2569 βοσκήσαντι
1288 2527 1339 2572 τῷ
1373 2515 1527 2582 χωρίζει.
1552 2524 1757 2562 ἀκόλουθοι
1787 2527 1828 2563 δὲ

1031 2571 1195 2613 λέγονται
1218 2570 1254 2606 οἱ
1277 2572 1454 2615 ποιμένες.
1501 2568 1548 2616 ἦν
1575 2569 1616 2607 δὲ
1643 2572 1684 2608 τὸ
1707 2571 1828 2629 ὄνομα

1031 2617 1234 2660 ,Μαρδύλας
1264 2618 1354 2661 (Am
1381 2618 1426 2658 Q.
1451 2617 1668 2662 Μανδύλας)
1698 2616 1719 2654 ὁ
1745 2618 1827 2655 κλέ-

1030 2670 1117 2704 ψας.
1164 2664 1298 2699 τοῦτον
1327 2663 1484 2721 λέγεται,
1513 2664 1830 2720 προσοργισθέντα

1030 2710 1076 2754 τῇ
1109 2709 1213 2753 δρυῒ,
1245 2711 1402 2754 θελῆσαι
1432 2708 1549 2754 αὐτὴν
1581 2708 1736 2753 ἐκκόψαι
1757 2709 1826 2745 νύ-

1030 2766 1144 2798 κτωρ·
1177 2755 1351 2791 πελειάδα
1382 2753 1443 2799 δὲ,
1478 2754 1517 2791 ἐκ
1548 2757 1618 2791 τοιῖ
1639 2754 1823 2799 στελέχους

1029 2800 1292 2857 άνακύψασαν,
1318 2800 1486 2845 ἐπιτάξαι
1511 2815 1562 2858 μη
1583 2802 1695 2837 τοῦτο
1718 2801 1822 2847 δρᾷν.

1027 2845 1093 2881 τὸν
1118 2845 1158 2881 δὲ
1178 2848 1451 2891 δειματωθέντα
1466 2849 1593 2892 μηκέτι
1610 2848 1723 2883 τοῦτο
1741 2851 1824 2882 τολ-

1026 2894 1159 2936 μῆσαι,
1183 2892 1287 2950 μηδὲ
1292 2897 1414 2938 θιγεῖν
1437 2895 1506 2929 τοῦ
1528 2892 1631 2936 ἱεροῦ
1651 2892 1820 2936 δένδρον.

1026 2939 1118 2981 (Αιιι.
1143 2939 1206 2980 Q.=
1239 2952 1289 2984 μη
1319 2941 1440 2984 θίγειν
1468 2939 1611 2983 τοῦὶερ
1615 2940 1660 2974 οὔ
1682 2951 1818 2974 τοντον

1025 2985 1202 3029 δένδρον,
1236 2997 1299 3020 nec
1322 2986 1422 3021 aliter
1446 2985 1528 3022 Sch.
1554 2985 1608 3021 ed.
1631 2988 1726 3026 ειη,
1734 2984 1829 3019 sed
