1856 3282
116 116 176 155 50

753 109 1161 151 ΟΜΗΡΟΥ

293 215 449 261 δύσετό
477 215 518 260 τ’
527 216 715 288 ἠέλιος,
747 216 963 262 σκιόωντό
992 232 1037 261 τε
1067 220 1204 260 πᾶσαι
1233 216 1395 272 ἀγυιαί.

365 272 425 316 ‘H
448 273 492 316 δ’
523 273 567 324 ἐς
595 273 773 328 πείραθ’
807 276 927 317 ἵκανε
959 273 1224 330 βαθυόὁὸου
1255 273 1482 325 ωκεανοῖο,

293 330 404 373 ἔνθα
433 331 480 373 δὲ
511 333 764 386 Κιμμερίων
796 330 975 383 ἀνδρῶν
1006 331 1142 400 δῆμός
1171 346 1238 380 τε,
1269 330 1400 401 πόλις
1424 346 1483 381 τε,

211 390 264 432 15
293 386 387 441 ἠέρι
415 386 491 429 καὶ
517 389 677 443 νεφέλῃ
706 387 1044 442 κεκαλυμμένοι·
1077 385 1180 430 οὐδέ
1210 386 1313 430 ποτ’
1344 385 1512 437 αὐτους

287 443 452 493 Ἠέλιος
481 444 664 499 φαέθων
694 444 1005 497 καταδέρκεται
1038 441 1298 494 ἀκτίνεσσιν,

295 499 402 543 οὔθ’
437 499 603 542 ὁπόταν
631 502 820 570 στείχῃσι
851 499 962 554 πρὸς
993 498 1194 552 οὐρανὸν
1224 497 1500 552 ἀστερόεντα,

295 554 403 599 οὔθ’
436 556 544 599 όταν
576 555 637 607 ἂψ
668 556 735 599 ἐπὶ
764 561 895 612 γαῖαν
930 556 1009 598 ἀπ’
1040 555 1294 610 οὐρανόθεν
1323 555 1642 611 προτράπηται,

294 611 392 655 ἀλλ’
421 612 490 655 ἐπὶ
519 612 598 663 νυξ
630 611 735 682 ὀλοὴ
764 613 936 656 τέταται
965 615 1144 655 δειλοῖσι
1173 616 1386 683 βροτοῖσι.

209 675 266 715 20
294 673 384 768 via
412 686 509 769 μὲν
521 669 618 712 ἐνθ’

293 741 331 769 ει
360 742 434 781 ομε

654 668 854 720 ελθόντες
883 668 1136 724 ἐκέλσαμεν,
1167 670 1214 712 ἐκ
1245 668 1289 712 δὲ
1318 685 1371 711 τα
1402 671 1517 724 μῆλα

543 724 670 768 αὐτοὶ
701 725 745 769 δ’
779 729 881 769 αὐτε
911 728 1031 778 παρὰ
1062 727 1170 779 ῥόον
1200 724 1413 768 ὠκεανοῖο

294 781 502 838 ᾔομεν,
486 799 574 838 Οφῼ
624 799 667 832 ὃς
695 787 841 838 χῶρον
872 781 1137 840 ἀφικόμεθ’,
1169 781 1222 827 ὸν
1253 782 1395 838 φράσε
1426 781 1581 836 Κίρκη.

344 884 434 917 fiunt
456 895 556 917 sacra
579 886 816 930 praescripta,
841 885 964 930 quibus
987 886 1126 919 umbrae
1153 886 1197 919 ab
1221 884 1349 918 Inferis
1373 883 1578 918 excitantur,

368 951 498 994 ''Evst'
531 950 691 1022 ἱερήϊα
702 968 781 1004 μεν
799 952 1062 1021 Περιμήδης
1091 951 1348 1006 Εὐρύλοχός
1377 967 1422 995 τε

299 1008 449 1062 εσχον·
481 1007 564 1062 ἐγω
597 1007 640 1050 δ’
672 1006 753 1061 αόρ
786 1007 864 1059 6ξύ
896 1008 1188 1062 ἐρυσσαμενος
1218 1025 1336 1063 παρα
1371 1011 1517 1062 μηροῦ

211 1066 266 1108 25
295 1064 472 1135 βόθρον
503 1063 649 1117 ὄρυξ’,
682 1064 860 1108 ὅσσοντε
889 1065 1135 1120 πυφούσιον
1164 1065 1273 1108 ἔνθα
1302 1065 1375 1107 καὶ
1404 1066 1526 1116 ἔνθα,

245 1136 249 1139 ·
299 1119 411 1176 ἀμφ’
444 1118 564 1178 αὐτῷ
595 1123 641 1163 δὲ
668 1137 775 1176 χοας
802 1122 1006 1178 χεόμην
993 1126 1128 1166 πᾶσιν
1158 1120 1372 1176 νεκύεσσι,

175 1255 232 1290 12.
279 1251 331 1299 β’,
355 1255 436 1290 388.

174 1302 344 1336 13-19.
393 1300 439 1342 ἐς
462 1301 687 1344 πείρατα,
711 1303 879 1345 adfines,
905 1302 936 1335 h.

125 1358 156 1380 e.
183 1346 228 1380 ad
253 1346 450 1381 ulteriorem
474 1348 595 1392 ripam.
643 1347 694 1390 κ’,
719 1351 936 1391 508-510,

123 1392 445 1447 Vfilcker.p,.143
469 1393 548 1429 144.
564 1415 613 1420 —
635 1392 937 1450 βαθυῤῥόου.

122 1451 147 1482 η
172 1464 182 1481 ,
208 1440 278 1474 422
298 1446 363 1472 etc.
396 1440 442 1473 cf.
467 1439 508 1473 Il.
533 1438 593 1483 φ’,
619 1442 705 1483 195,
739 1441 868 1486 Odyss.
893 1439 937 1481 κ’,

121 1486 206 1521 511.
227 1503 272 1509 -
305 1483 426 1520 ε’νθα
451 1483 521 1527 δε,
545 1499 574 1520 ε.
600 1487 658 1531 δή.
682 1507 724 1512 -
751 1488 938 1529 Cimmerii,

122 1541 213 1575 quos
247 1530 332 1564 dicit
363 1535 488 1577 poeta,
521 1532 737 1577 intelligendi
770 1545 836 1567 non
859 1537 939 1566 sunt

120 1576 184 1619 illi,
209 1588 230 1609 a
247 1578 371 1621 quibus
387 1589 507 1611 nomen
523 1579 634 1612 traxit
650 1580 827 1624 Bosporus
844 1580 939 1613 Cim-

120 1622 270 1664 suerius,
295 1624 355 1656 sed
381 1624 527 1668 populus
545 1625 725 1669 mythicus‚
750 1626 792 1658 ab
812 1625 938 1658 obscu-

120 1669 231 1702 ritate
255 1669 383 1703 sedium
403 1671 498 1703 circa
518 1675 705 1704 extremum
727 1670 938 1704 occidentem

122 1715 321 1771 appellatus
345 1716 478 1749 nomine
499 1716 602 1749 simili
622 1717 828 1750 Phaeacum.
862 1728 938 1750 nam

121 1763 301 1805 κίμμερος
333 1761 409 1795 sive
441 1761 619 1806 κέμμερος
652 1763 708 1796 vel
741 1761 938 1807 κάμμερος,

121 1808 265 1851 caligo,
291 1806 448 1842 obsoleta
470 1820 538 1842 vox
561 1814 638 1849 est,
662 1820 682 1842 a
707 1809 936 1853 Lycophrone

121 1859 292 1897 usurpata
318 1852 418 1889 1427.
433 1878 444 1895 ‚
469 1866 570 1899 quam
596 1854 738 1888 Vossius
763 1857 856 1890 Krit.
880 1857 936 1889 Bl.

121 1900 157 1933 2.
192 1909 228 1942 p.
262 1900 344 1934 307.
378 1899 475 1933 ducit
515 1901 558 1934 ab
589 1900 750 1935 hebraica
783 1900 937 1945 ejusdem

122 1944 392 1989 significationis
424 1947 546 1980 kimrir
568 1946 671 1980 Hiob.
694 1947 741 1988 3,
765 1948 798 1981 5
790 1971 818 1990 .,
851 1959 938 1992 gen-

122 1994 264 2035 temque
296 1991 388 2025 illam
422 1992 601 2026 confictam
637 1971 741 2036 putat,
770 2004 790 2026 a
824 1993 938 2026 nautis

123 2036 369 2070 Phoenicibus.
410 2038 553 2072 fuerunt
577 2037 657 2079 alii,
681 2038 739 2082 qui
763 2039 826 2073 hos
845 2039 939 2073 Cim-

124 2083 252 2116 merios
284 2083 328 2117 ad
360 2083 538 2118 historiam
567 2089 792 2126 revocarent,
828 2096 939 2129 neque

123 2127 162 2162 id
187 2140 255 2163 uno
273 2129 383 2163 modo.
427 2130 477 2164 Ε·
503 2149 546 2154 -
566 2127 845 2188 Ηρόδοτος(1,
863 2132 938 2173 15.)

126 2173 286 2218 ἱστορεῖ,
318 2172 378 2209 ὅτι
400 2174 660 2234 βασιλεύοντος
673 2174 846 2220 Ἄρδυος,
869 2179 939 2213 τοῦ

125 2220 279 2275 Γύγου,
291 2224 489 2266 Κιμμέριοι
509 2221 775 2265 ἐξαναστάντες
793 2237 866 2258 των
882 2225 938 2259 οἰ-

123 2270 237 2302 κείων
257 2263 366 2312 ἠθῶν
382 2268 459 2304 ’ὑπὸ
478 2271 645 2304 Σκυθων
666 2283 742 2305 των
761 2269 939 2314 νομάδων

125 2312 312 2357 ἀφίκοντο
345 2315 397 2355 εἰς
417 2313 558 2358 Ἀσίαν,
593 2312 655 2351 ὅτε
687 2329 720 2351 κ.
746 2330 815 2357 τας
838 2315 940 2361 Σάρ-

125 2361 202 2401 δεις
227 2359 336 2396 εἷλον.
379 2360 483 2397 ἀλλοι
502 2362 544 2398 δέ
568 2375 661 2420 φασι
684 2363 746 2398 καὶ
773 2363 832 2399 ὅτι
855 2363 937 2406 ἱερα

125 2408 228 2442 θεων
244 2397 546 2465 καταδραμόντες
563 2408 752 2465 ἐσύλησαν
765 2409 803 2445 ἐν
819 2409 938 2468 Ἀσίᾳ·

125 2451 220 2490 όθεν
245 2453 283 2488 οἱ
305 2452 455 2498 ἀοιδοὶ,
487 2454 537 2499 μὴ
565 2455 709 2498 ἔχοντες
732 2454 847 2498 ἄλλως
871 2456 940 2492 αὕ-

123 2514 215 2542 τους
248 2500 412 2555 βλάψαι,
443 2502 717 2558 μυθοπλάστςο
733 2502 942 2551 ἐκτοπισμῷ

123 2545 196 2592 τὴν
219 2548 289 2582 τοῦ
314 2546 452 2589 ἔθνους
475 2549 609 2583 κακίαν
641 2548 832 2593 ἠμύναντο
866 2552 940 2594 (le-

124 2593 242 2651 pidum
266 2599 489 2628 commentum
500 2595 528 2637 ν)
547 2594 642 2630 κατά
661 2609 709 2638 τι,
733 2598 839 2640 φασὶ,
859 2610 940 2632 κοι-

123 2638 195 2675 νὸν
219 2639 333 2695 ε’χθος
348 2637 481 2676 ’Jm‘voev
505 2640 598 2695 πρὸς
619 2641 777 2684 αὐτούς·
794 2641 878 2678 Ἴων
899 2642 940 2678 δὲ

123 2686 189 2721 καὶ
215 2684 234 2721 ὁ
256 2684 428 2732 ποιητής,
455 2684 474 2722 ὁ
499 2700 573 2721 των
598 2689 780 2724 τοιούτων
800 2688 942 2725 αοιδών

124 2737 348 2777 κορυφαῖος
389 2733 460 2768 εἰσὶ
484 2732 526 2768 δὲ
561 2734 737 2779 (inprimis
761 2736 941 2780 Ephorum

123 2779 234 2814 dicit.
258 2791 292 2815 v.
313 2780 432 2814 Str-ab.
458 2781 493 2821 5,
517 2780 565 2821 4.,
588 2781 659 2814 vol.
685 2786 716 2818 l.
742 2794 776 2837 p.
801 2784 881 2818 395.
906 2787 944 2816 et

123 2826 210 2861 396.
243 2826 522 2870 ed.‘1auchn.)
550 2827 588 2861 οι
619 2827 682 2862 καὶ
713 2827 943 2872 Εὐρωπαῖον

125 2870 246 2911 ἕιθνος
274 2870 442 2908 ἐπέκεινα
460 2871 615 2913 Ἰταλίας
648 2873 732 2918 ἕχον
759 2873 943 2918 ὑπόγαιον

125 2930 183 2957 ως
219 2916 267 2953 τοὶ
306 2917 424 2955 πολλοὶ
457 2918 557 2975 ζωὴν
589 2933 680 2960 τους
712 2923 945 2979 Κιμμερίους

124 2964 168 2999 ὶο
172 2961 354 3009 τόρησαν,
380 2978 413 3000 κ.
436 2964 557 3014 τούτῳ
580 2968 632 3013 τῷ
657 2965 782 3034 τρόπῳ
805 2966 945 3010 αὐτοὺς

983 1254 1144 1301 ἐνόησαν
1182 1255 1353 1300 λέγεσθαι
1392 1251 1469 1290 υπό
1500 1254 1569 1309 γῆν
1598 1250 1694 1288 ειναι
1730 1250 1794 1286 καὶ

985 1302 1104 1349 ᾅδην,
1135 1316 1166 1337 κ.
1192 1303 1288 1348 ζωὴν
1311 1302 1403 1346 ἔχειν
1428 1299 1520 1348 ἡλίῳ
1545 1295 1791 1342 ανειτισκόπη-

984 1363 1060 1384 τον.
1099 1362 1195 1391 τινες
1220 1349 1260 1385 δὲ
1284 1348 1425 1384 αὐτόθι
1449 1363 1484 1394 κ.
1504 1348 1792 1388 νεκυομαντεῖον

984 1394 1202 1440 ἱστόρησαν,
1237 1397 1289 1435 εἰς
1323 1391 1345 1432 ὁ
1377 1395 1444 1430 τὸν
1458 1384 1645 1430 Ὀδυσσέα
1677 1390 1794 1434 φασὶν

985 1441 1213 1486 ἅφίκεσθοιι,
1248 1443 1312 1478 καί
1343 1455 1429 1476 τινα
1460 1440 1603 1476 κόλπον
1630 1436 1794 1479 Ἀορνον,

983 1491 1120 1534 χωρίον
1138 1490 1400 1524 Πλουτιόνειον.
1419 1508 1463 1514 --
1486 1485 1686 1524 κάνταῦθα
1704 1497 1794 1524 τους

984 1537 1213 1580 Κιμμερίους
1245 1537 1446 1577 οἰκιζουσι,
1481 1534 1664 1578 λέγοντες,
1704 1543 1793 1570 τους

983 1581 1061 1617 ἐκεῖ
1089 1582 1128 1617 ἐν
1151 1584 1358 1636 ’καταγείοις
1381 1581 1568 1624 ἀργίλλαις
1591 1580 1728 1622 οἰκεῖν,
1758 1591 1793 1611 κ.

984 1625 1036 1663 δι’
1068 1625 1273 1671 υπονόμων
1304 1627 1398 1672 παρ’
1429 1625 1606 1672 ἀλλήλους
1643 1624 1794 1678 φοιτᾶν,

982 1674 1047 1710 καὶ
1080 1676 1171 1725 ζῇν
1178 1673 1253 1709 απὸ
1287 1675 1519 1716 μεταλλείας,
1549 1685 1585 1708 κ.
1617 1668 1794 1724 μαντεύε-

983 1724 1088 1757 σθαι.
1135 1719 1231 1756 εἶναι
1263 1720 1305 1755 δε
1334 1719 1494 1763 πάτριον
1527 1718 1620 1758 ἔθος
1651 1715 1794 1756 αυτοῖς,

983 1768 1138 1822 μηδένα
1156 1765 1221 1803 τόν
1249 1764 1357 1811 ἥλιον
1385 1765 1502 1822 ὀρᾷν,
1537 1761 1630 1800 ἀλλα
1661 1762 1796 1801 νυκτὸς

982 1811 1252 1869 ἐκπορεύεσθαι
1286 1813 1351 1849 διοῖ
1383 1816 1459 1848 τῶν
1507 1809 1699 1859 ασμοὶτων·
1732 1807 1792 1844 διὸ

983 1861 1043 1896 καὶ
1070 1858 1240 1904 λέγεσθαι
1262 1859 1462 1905 μηδέποτε
1456 1826 1587 1917 ἣῖιόν
1596 1857 1794 1912 φαέθοντα

981 1906 1260 1948 ἐπιδέρκεσθαι·
1279 1904 1527 1963 φθαρῆναιδε
1539 1900 1795 1960 αυτοὺςυστε-

983 1966 1050 1997 ρον
1073 1951 1147 1992 υπό
1173 1953 1370 2011 βασιλέως,
1394 1952 1473 1989 ἐπεὶ
1497 1949 1517 1988 ὁ
1542 1962 1707 1997 χρησμος
1725 1948 1794 1984 οὐκ

983 1998 1133 2045 απέβη’
1117 2002 1242 2035 εκείνω
1257 1999 1425 2045 λαβόντι
1422 2002 1610 2034 ιιαντείαν.
1621 2016 1665 2021 -
1688 1996 1793 2040 (con-

982 2054 1041 2081 tra
1072 2047 1243 2088 nonnulli,
1276 2046 1370 2080 haud
1399 2048 1552 2080 ferentes
1579 2043 1652 2078 illic
1683 2048 1794 2075 terra-

984 2104 1058 2126 rum
1091 2092 1313 2135 Cimmerios,
1352 2093 1553 2126 scribebant
1591 2088 1793 2141 χειμερίων,

984 2139 1040 2172 vel
1065 2140 1290 2184 Κερβερίων,
1324 2139 1416 2183 quod
1439 2137 1574 2182 quidem
1599 2141 1635 2168 et
1657 2133 1793 2167 Crateti

984 2185 1155 2237 placuisse
1177 2185 1329 2226 dicitur,
1354 2190 1414 2225 et,
1419 2188 1528 2217 teste
1551 2180 1668 2215 Schol.
1695 2178 1794 2212 Harl

984 2230 1135 2272 codicis,
1158 2231 1226 2277 ipsi
1250 2229 1495 2283 Aristarcho.)
1518 2227 1639 2264 ἰστέον
1669 2223 1709 2261 δὲ
1735 2222 1794 2260 ὅτι

982 2275 1026 2311 τὸ
1062 2278 1344 2320 Κιμμερίων
1366 2295 1411 2300 -
1417 2272 1588 2333 πόλις
1609 2284 1657 2308 τε
1691 2283 1796 2316 περι-

984 2324 1198 2367 φραστικῶς
1229 2323 1371 2366 εἴρηται
1403 2318 1487 2356 αντὶ
1518 2322 1588 2356 τοῦ
1613 2319 1657 2356 02
1683 2320 1793 2361 Κιμ-

984 2369 1161 2414 μέριοι.
1205 2368 1265 2404 διὸ
1291 2367 1419 2412 ἐπάγει
1444 2365 1547 2412 ἠέρι
1569 2386 1616 2395 «-
1639 2366 1792 2400 κεκαλ.

984 2434 1030 2441 --
1061 2415 1437 2471 προτράπηται,
1450 2418 1687 2470 promovetur,
1714 2421 1794 2467 pro-

985 2461 1088 2496 cedit.
1120 2482 1165 2487 —
1207 2460 1282 2496 ἐπι
1313 2481 1358 2487 —-
1382 2459 1608 2501 τέταται,
1648 2456 1794 2497 ἐπιτέτ.,

984 2509 1120 2542 intenta
1150 2507 1222 2542 sive
1253 2508 1365 2542 offusa
1391 2512 1455 2542 est.
1484 2526 1531 2532 —
1573 2507 1793 2542 δειλοῖσι,

986 2555 1174 2595 δειλαίοις.
1204 2552 1252 2597 μ’,
1273 2552 1478 2598 341,11.χ’,
1501 2555 1545 2588 31
1567 2560 1634 2586 etc.
1667 2550 1793 2594 ,Νὴ-ς.

987 2601 1119 2644 Georg.
1140 2602 1174 2641 3,
1188 2603 1266 2637 356.
1286 2601 1330 2634 de
1346 2601 1510 2644 Scythia:
1529 2608 1663 2642 semper
1677 2597 1796 2634 hiems,

986 2658 1119 2690 semper
1141 2649 1314 2691 spirantes
1330 2648 1474 2691 frigora
1491 2646 1612 2684 caun‘‚·
1638 2645 1728 2677 Tum
1746 2642 1797 2674 ⁸⁰1

985 2694 1157 2737 pallentes
1187 2695 1282 2727 haud
1307 2704 1458 2737 unquam
1482 2691 1623 2725 discutit
1645 2690 1797 2728 umbras,

989 2739 1064 2773 Nec
1087 2751 1162 2773 cum
1187 2741 1340 2774 inuectus
1363 2739 1459 2784 equis
1482 2739 1593 2771 altum
1615 2736 1704 2780 petit
1736 2744 1798 2766 ae-

987 2785 1109 2826 thera,
1141 2798 1202 2820 nec
1232 2798 1309 2820 cum
1336 2785 1565 2830 Praecipitem
1594 2781 1715 2816 ocenm‘
1737 2791 1798 2812 ru-

989 2832 1055 2864 bru
1077 2834 1176 2866 lavat
1208 2843 1357 2877 aequore
1391 2841 1540 2866 currum.
1588 2828 1637 2862 cf.
1668 2823 1798 2861 Tibull.

988 2877 1088 2922 Eleg.
1119 2878 1164 2919 4,
1191 2881 1233 2920 1,
1256 2878 1357 2913 64—
1367 2879 1434 2921 66,
1476 2874 1583 2910 Ovid.
1619 2874 1706 2909 Met.
1742 2874 1799 2916 11,

987 2925 1201 2961 592—596.
1210 2926 1234 2943 ‘⁶
1270 2926 1304 2958 E
1326 2925 1374 2959 Cl.

1034 2972 1139 3006 23-
1149 2972 1207 3006 36.
1240 2972 1286 3006 cf.
1312 2970 1356 3014 κ’,
1373 2971 1494 3006 516-
1504 2968 1585 3004 530.
1603 2985 1647 2993 -
1671 2963 1800 3011 χοᾶἳ·
