1856 3282
502 130 818 172 ΟΔΤΣΣ

87 243 166 289 895
195 238 290 284 ἀλλ’
320 238 395 294 ἄγε
423 241 508 283 νῦν
537 239 700 311 ῥήτρην
726 233 1009 311 ποιησόμεθ’·

1137 123 1170 140 ι-ι

1129 139 1177 170 ›21-

842 127 1002 168 EIA
1031 126 1075 166 Σ
1581 126 1663 166 2⁰1

1041 233 1176 289 αὐτὰρ
1205 232 1369 289 ὕπερθε

195 296 409 366 μάρτυροι
437 295 722 367 ἀμφοτέροισι
749 295 865 345 θεοὶ,
892 294 961 337 τοὶ
975 290 1202 345 ’Ὄλυμπον
1231 291 1415 348 ἔχουσιν.

195 354 233 396 εἰ
261 352 340 408 μέν
367 368 442 396 κεν
470 353 658 423 νοστήσῃ
689 351 798 405 ἄναξ
824 367 920 402 τεος
949 350 992 402 ἐς
1018 348 1116 392 τόδε
1143 349 1277 403 δωμα,

195 409 322 460 ἕσσας
350 424 402 464 με
427 409 608 464 χλαῖνάν
635 426 706 461 τε,
742 408 902 465 χιτῶνά
927 422 995 459 τε,
1025 406 1197 476 εἵματα,
1226 405 1391 460 πέμψαι
1419 424 1429 429 ’

195 466 500 535 Δουλίχιόνδ’,
533 466 665 518 ἰέναι,
694 465 770 510 όθι

86 525 167 569 400
196 523 233 565 εἰ
262 522 308 565 δέ
336 538 383 565 κε
411 539 470 579 μη
501 523 680 580 ἔλθῃσιν
711 483 825 575 &vag

830 482 873 509 οι
901 465 1032 528 φίλον
1059 461 1207 506 ἔπλετο
1229 465 1391 529 θυμῷ’

845 521 958 573 τεὸς,
991 537 1049 571 ως
1078 514 1289 588 0270923502,

197 580 342 632 δμῶας
369 579 594 631 ἐπισσεύας
621 579 790 648 βαλέειν
820 577 1004 633 μεγάλης
1031 574 1141 619 κατὰ
1169 572 1338 641 πέτρης,

195 633 314 690 ὄφρα
342 636 414 678 καὶ
444 636 571 689 ἄλλος
598 635 765 693 πτωχὸς
793 634 991 680 ἀλεύεται
1018 629 1317 690 ἠπεροπεύειν.
1331 635 1356 654 ⁶

246 749 307 783 sed
331 752 468 785 recusat
491 762 562 785 eam
587 752 765 795 subulcus,
798 753 835 785 et
858 749 959 784 misso
984 757 1138 783 sermone
1161 744 1220 779 illo
1246 754 1383 779 coenam
1408 746 1581 784 lautiorem
1606 760 1668 795 ap·

165 795 282 840 parari
301 797 412 840 jubet.

277 874 366 919 Τὸν
396 875 438 920 δ’
470 874 816 946 ἀπαμειβόμενος
844 875 1124 931 προσεφώνεε
1153 878 1245 927 δῖος
1260 873 1503 944 ὑφορβός·

196 931 357 984 ,,ξεῖν’,
389 931 503 976 ου’τω
530 931 614 986 γάρ
642 932 717 976 κέν
745 949 822 988 μοι

848 933 1020 1007 ἐυκλείη
1047 933 1110 986 τ’,
1139 931 1268 1005 ἀρετή
1299 948 1358 985 τε,

83 990 165 1033 405
197 990 265 1059 εἴη
294 986 360 1032 ἐπ’
389 987 680 1044 ἀνθρώπους,
710 989 800 1059 ἅμα
828 989 873 1033 τ’
905 988 1087 1041 αὐτίκα,
1117 991 1191 1034 καὶ
1219 989 1452 1044 μετέπειτα,

194 1044 257 1115 ὅςῗ
271 1044 315 1088 σ’
345 1045 436 1090 επεὶ
464 1045 508 1096 ἐς
536 1047 705 1100 κλισίην
734 1045 924 1118 ἄγαγον,
952 1046 1027 1090 καὶ
1057 1047 1191 1097 ξείνια
1219 1048 1354 1096 δῶκα,

198 1103 321 1152 αύτις
351 1103 397 1146 δὲ
427 1104 660 1171 κτείναιμι,
692 1104 825 1158 φίλον

853 1101 894 1146 τ’
927 1101 1011 1146 ἀπὸ
1039 1102 1188 1157 θυμόν
1218 1102 1407 1158 ελοίμην.

193 1157 416 1229 πρόφρων
440 1157 493 1214 δή
522 1174 598 1202 κεν
628 1159 772 1202 ε’πειτα
802 1161 889 1202 Δία
909 1161 1153 1227 Κρονίωνα
1181 1160 1404 1230 λιτοίμην]

194 1218 279 1256 νῦν
308 1214 348 1257 δ’
380 1214 471 1286 ω’ρη
502 1216 711 1268 δόρποιο·
742 1213 920 1271 τάχιστά
948 1232 1024 1272 μοι
1052 1215 1181 1260 ε’νδον
1211 1215 1376 1270 ἑταῖροι

85 1273 169 1316 410
200 1268 305 1321 εἶεν,
335 1270 397 1314 ι”ν
427 1271 475 1315 ἐν
481 1273 646 1341 κλισίῃ
676 1272 815 1327 λαρόν
843 1274 1130 1326 τετυκοίμεθα
1160 1271 1342 1343 δόρπον.
1356 1276 1381 1296 “

260 1325 346 1379 ’Ὡς
375 1329 419 1372 οἱ
447 1328 526 1384 μὲν
554 1332 735 1373 τοιαῦτα
763 1328 875 1401 πρὸς
905 1328 1115 1401 αλλήλους
1146 1327 1382 1400 ἀγόρευον·

197 1382 438 1456 ἀγχίμολον
460 1385 506 1429 δὲ
541 1384 640 1436 σύες
667 1401 712 1430 τε
740 1387 816 1430 καὶ
828 1384 994 1456 ἀνέρες
1022 1381 1163 1442 ἦλθον
1189 1384 1395 1443 ὑφορβοί.

196 1441 274 1493 τοὶς
300 1439 380 1498 μὲν
410 1440 496 1498 ἄρα
526 1442 656 1498 ἔρξαν
683 1442 792 1487 κατὰ
821 1441 933 1499 ἤθεα
961 1446 1250 1501 κοιμηθῆναι·

0 1630 2 1664 l
22 1626 190 1662 πείθω.
220 1621 310 1669 ὅπερ
334 1623 508 1671 ἑρμηνεία
531 1624 606 1662 ἐστὶ
629 1625 699 1661 τού
723 1623 828 1662 οὐδ’

0 1692 1 1706 ι
22 1685 91 1715 ομ
118 1668 366 1716 ἐπήγαγον.
389 1691 435 1697 -
472 1670 624 1716 αύταρ
648 1670 830 1716 ὕπερθε

22 1719 91 1762 (sic
114 1718 182 1759 ille,
204 1717 353 1758 itemque
371 1719 411 1752 A.
429 1719 475 1761 1.,
497 1718 633 1772 Steph,
657 1719 828 1765 Bergler.‚

24 1765 78 1799 el.
90 1789 101 1806 ,
138 1763 242 1809 idque
265 1763 439 1797 efficacius
462 1764 545 1798 mihi
570 1765 707 1799 videtur
731 1777 830 1810 quam

25 1805 251 1850 ὄπισθεν,
275 1809 311 1842 in
330 1815 528 1854 posterum,
553 1811 644 1855 quod
666 1811 771 1845 habet
789 1813 830 1848 A.

23 1858 81 1899 2.,
114 1856 386 1890 commemoravit
417 1856 533 1890 Schol.
566 1856 694 1890 codicis
720 1858 830 1899 A.1.‚

24 1903 215 1958 probarunt
256 1906 392 1947 praeter
432 1902 582 1936 Alterum
615 1903 660 1934 W
693 1907 728 1938 et
759 1882 830 1947 Β.)

24 1947 274 1993 μάρτυρος
310 1949 361 1991 (ν.
386 1959 463 1982 ann.
487 1949 530 1982 ad
555 1950 652 1993 350.)
683 1946 831 2006 ἀμφο-

23 1997 208 2037 τέροισι
230 1993 360 2035 θεὸς,
387 1989 435 2034 ὃς
446 1991 696 2037 ”Ολνμπον
721 1994 830 2040 ἔχει.

24 2042 85 2077 δεῖ
105 2039 174 2096 γὰρ
203 2040 264 2075 καὶ
289 2038 486 2085 μαρτύρων
516 2042 561 2087 τῇ
585 2038 713 2096 ῥήτρη.
755 2041 830 2077 ἔστι

24 2087 66 2124 δὲ
91 2084 237 2132 ρήτρη
271 2088 470 2142 συμφωνία
502 2100 534 2121 κ.
558 2091 740 2143 συνθηκη
770 2087 830 2123 ἐπί

23 2146 98 2170 τισι
115 2133 260 2190 ῥητοῖς,
279 2130 299 2167 ό
315 2131 413 2167 ἐστιν
430 2130 657 2177 ὡρισμένοις.
691 2134 724 2170 οἱ
746 2134 831 2178 μέν-

24 2193 84 2217 τοι
105 2177 197 2224 μετὰ
219 2178 284 2214 τόν
297 2176 472 2235 “Ὀμηρον
504 2178 642 2224 ῥήτρην
671 2179 740 2223 τήν
764 2182 831 2225 δη-

25 2225 334 2315 ssssvsssssz‘zsss‘zff’
340 2224 829 2328 ν’ῗῗῗόξέῗέῗρξέυέἶῖἓέἔ

27 2318 104 2353 ride
128 2318 290 2358 classica,
323 2321 349 2351 t.
373 2320 450 2358 20„
483 2329 516 2363 p.
549 2319 627 2354 287.
661 2318 830 2362 μάρτυ-

29 2376 117 2415 ρον
139 2363 240 2400 Hom.
264 2362 367 2404 dicit,
393 2375 458 2396 non
481 2360 639 2407 μα’ρτυν.
660 2364 712 2408 π’,
732 2367 829 2402 422..

31 2409 129 2446 οἶσιν
162 2407 234 2464 ᾅρα
268 2406 359 2449 Ζεύς
388 2407 602 2452 Μάρτυρος.
641 2412 759 2446 cf.11.
784 2411 831 2455 α’,

30 2457 120 2497 338,
144 2453 192 2500 β’,
215 2457 284 2491 302
303 2459 368 2510 efc.
416 2456 566 2490 Thomas
589 2456 706 2502 Magn
737 2458 832 2513 μάρ-

29 2515 96 2542 τυς
128 2502 190 2536 καὶ
222 2498 281 2535 ἐπὶ
306 2498 475 2545 ἀγαθοῦ,
507 2503 568 2537 καὶ
601 2502 659 2539 ἐπὶ
692 2506 832 2540 κακοῦ·

29 2546 168 2593 ἔλεγχος
191 2545 230 2581 δε
255 2544 314 2581 ἐπὶ
337 2547 453 2582 κακοῦ
470 2547 598 2591 μόνον.
622 2566 667 2575 -
690 2550 831 2592 ἰέναι,

30 2599 70 2628 ut
93 2605 181 2634 eam,
204 2596 242 2625 ut
264 2592 462 2637 proficiscar
482 2605 534 2636 eo,
560 2605 626 2638 quo
645 2597 833 2652 cupiebam.

31 2658 75 2664 —
100 2639 204 2673 διώ.-
228 2636 500 2680 ἐπισσεύας
535 2640 591 2685 (ε’,
613 2643 693 2683 421,
720 2643 759 2676 11.
787 2641 834 2686 ο’,

30 2684 129 2728 347.)
151 2681 339 2740 κελεύσας,
364 2666 591 2729 ἐφορμήσας.
607 2706 650 2712 -
674 2685 834 2724 ἀλεύε-

31 2743 129 2773 ται,
156 2726 344 2783 ἀλεύηται,
368 2731 609 2787 φυλάσσηται,
633 2739 671 2767 ut
694 2734 834 2779 exponit

34 2756 180 2857 Am-S'qu
202 2793 246 2800 —
289 2773 640 2821 ἠπεροπεύειν,
662 2780 831 2826 decipere.

32 2834 54 2856 ν

65 2845 289 2914 ’404—410.
328 2877 433 2923 γᾶρ,
457 2880 605 2921 scilicet,
629 2880 754 2916 dictum
778 2886 831 2916 est

32 2933 93 2966 per
115 2923 266 2969 ironiam,
292 2929 332 2960 ut
350 2925 577 2972 Phidippides
597 2926 690 2961 Nub.
710 2929 831 2965 1311.-

875 1623 942 1670 ἐγώ
978 1637 1049 1671 γαρ
1081 1624 1261 1670 Αἰσχύλον
1295 1624 1430 1669 νομίζω
1461 1625 1608 1669 πρῶτον
1640 1625 1680 1663 ἐν

875 1674 1066 1727 ποιηταῖς,
1116 1672 1251 1717 Ψόφου
1285 1672 1425 1714 πλέων,
1461 1672 1681 1718 ἀξύστατον,

876 1716 1093 1761 στόμφακα,
1117 1719 1381 1763 κρημνοποιόν.
1422 1719 1466 1752 cf.
1490 1723 1554 1754 Av.
1579 1722 1681 1764 1267,

876 1765 1013 1798 Eccles.
1031 1766 1120 1808 773,
1146 1767 1214 1811 Vig
1217 1778 1266 1800 er.
1291 1767 1324 1807 8,
1348 1767 1380 1804 5,
1404 1766 1512 1800 Qetc.
1531 1785 1576 1791 —
1610 1765 1681 1803 ἐϋ-

876 1812 1019 1855 κλείη.
1050 1810 1104 1853 θ’,
1110 1779 1214 1847 284ἓ
1231 1831 1277 1836 -
1317 1810 1486 1855 ἀρετὴ,
1511 1813 1587 1846 laus
1611 1815 1682 1848 νῖν-

877 1857 973 1891 tutis.
1006 1868 1038 1890 ν.
1064 1869 1141 1892 ann.
1167 1858 1210 1892 ad
1233 1858 1338 1903 Soph.
1364 1858 1420 1891 ΕΙ.
1445 1859 1533 1900 587,
1558 1859 1681 1904 Eurip.

879 1903 944 1937 Or.
969 1903 1037 1938 764
1058 1910 1124 1939 etc.
1156 1923 1200 1930 —
1239 1905 1437 1958 κλισίην.
1469 1905 1525 1939 47.
1548 1924 1593 1931 —
1628 1907 1682 1940 Ε.

875 1947 1128 1994 πρόφρων,
1165 1948 1249 1996 ἤτοι
1281 1949 1448 1991 ἑκούσιος
1472 1954 1538 1985 etc.
1585 1952 1681 1996 πρό-

875 1998 1239 2038 θνμος,1υὺοηε.-
1278 1998 1522 2041 λιτοίμην,
1545 2000 1682 2035 λισσοί-

876 2054 960 2086 μην.
1004 2042 1042 2076 11.
1068 2040 1124 2085 π’,
1147 2042 1216 2085 47,
1247 2043 1374 2086 Odyss.
1398 2043 1452 2088 β’,
1474 2046 1518 2079 68
1543 2050 1609 2079 etc.
1635 2065 1681 2073 —-

876 2087 1133 2132 λαρόντετ.
1158 2089 1352 2133 δόρπον.
1388 2089 1436 2133 μ’,
1460 2092 1540 2126 283.

922 2145 1115 2181 412-415.
1148 2148 1219 2181 Am.
1232 2147 1291 2182 Β..
1312 2145 1582 2204 ἀγχίμολον.
1607 2150 1679 2208 (θ’,

876 2191 977 2249 300.)
1002 2191 1156 2228 τοπικόν
1175 2192 1369 2274 ἐπίρρημα,
1388 2192 1411 2238 ἢ
1428 2195 1606 2238 χρονικόν,
1631 2194 1681 2238 ὥς

875 2238 918 2274 τὸ
951 2237 1166 2296 ἔναγχος.
1211 2238 1359 2283 §.egem
1403 2241 1581 2285 (malem
1615 2241 1680 2286 ἔρ-

876 2285 1000 2328 ξαν.)
1042 2285 1292 2326 συνέκλεισαν,
1328 2286 1572 2323 κατέκλεισαν.
1617 2298 1682 2334 ψι-

878 2329 1014 2365 λωτέον
1046 2330 1086 2367 δὲ
1117 2332 1159 2368 τὸ
1199 2331 1343 2375 ἔρξαν
1376 2331 1458 2368 ἀντὶ
1483 2336 1551 2368 τοῦ
1573 2335 1682 2371 κατέ-

878 2380 1043 2412 κλεισαν·
1074 2377 1115 2412 τὸ
1140 2391 1211 2423 γαρ
1236 2377 1486 2422 δασυνόμενον
1508 2379 1591 2416 ἀντὶ
1614 2385 1684 2418 τοῦ

882 2423 1034 2459 ἔθυσαν.
1077 2426 1130 2467 (at
1145 2424 1245 2458 Iones
1270 2425 1304 2459 id
1325 2437 1460 2470 quoque
1482 2426 1644 2461 dicunt'
1626 2441 1683 2473 ερ-

881 2471 970 2513 ξαν,
996 2475 1034 2503 ut
1057 2468 1264 2516 ἕρδωμενη
1276 2473 1378 2511 ‚202
1397 2478 1488 2512 etc„
1512 2473 1684 2509 similiter-

882 2527 951 2561 que
975 2516 1029 2550 hic
1054 2522 1171 2551 noster
1193 2485 1303 2558 11.ηὸ’,
1323 2519 1380 2553 29.
1404 2516 1507 2560 ξ”,ρδ
1526 2522 1601 2562 sac.
1634 2521 1684 2553 sic

882 2567 994 2595 tamen
1017 2564 1116 2596 etiam
1141 2564 1228 2608 Ap:
1263 2563 1392 2605 ἕρδειν.
1439 2563 1497 2599 ἐπὶ
1528 2564 1594 2608 μὲν
1616 2569 1684 2600 τοῦ

882 2608 1017 2643 θύειν·
1054 2607 1190 2651 ἕρδον
1216 2606 1257 2644 6'
1277 2609 1526 2645 Ἀπόλλωνι
1549 2612 1612 2655 (ΙΙ.
1637 2626 1684 2653 α,

882 2655 994 2710 315.)
1015 2653 1073 2691 ἐπὶ
1089 2654 1130 2690 δὲ
1146 2655 1215 2690 τοῦ
1227 2654 1418 2699 πράσσειν·
1448 2654 1551 2698 ἕρδ’,
1567 2657 1618 2693 uit
1632 2658 1685 2701 ἀρ

885 2712 941 2734 ov
965 2712 1036 2735 τοι
1065 2700 1238 2741 πάντες
1269 2700 1554 2758 ἐπαινέομεν
1577 2705 1686 2739 θεοὶ

882 2743 1061 2790 ἄλλοι.)
1096 2746 1368 2805 ἐτυμολογεῖται
1400 2746 1442 2782 δὲ
1474 2746 1515 2802 *t6
1545 2748 1685 2793 ἔρξαν

883 2789 967 2827 ἀντὶ
990 2794 1057 2827 τοῦ
1082 2793 1243 2829 ἔκλεισαν
1276 2792 1349 2828 ἀπὸ
1375 2795 1450 2829 κοῦ
1477 2794 1582 2837 εἴργω
1605 2796 1686 2841 (ἔρ-

882 2838 956 2881 γω)
979 2838 1020 2873 τὸ
1047 2838 1271 2880 κωλύω,τό
1296 2837 1336 2874 δὲ
1369 2838 1478 2883 ἔρξαν
1512 2841 1593 2877 ἀντὶ
1617 2845 1684 2877 τοῦ

883 2883 1027 2919 ἔθυσαν
1059 2883 1131 2920 ἀπὸ
1163 2885 1230 2919 τοῦ
1255 2884 1348 2941 ἔρδω
1371 2885 1413 2921 τὸ
1435 2885 1532 2922 θύω.
1558 2905 1595 2914 -
1631 2889 1682 2923 E:

881 2927 1008 2973 ἤθεα
1031 2931 1090 2973 (n.
1117 2928 1157 2974 ζ,
1180 2933 1270 2975 511,
1295 2930 1339 2973 o',
1361 2933 1448 2976 263)
1472 2935 1571 2969 σναῖν
1593 2934 1680 2979 λέγει
