1856 3282
127 131 207 167 102

299 232 490 285 Περσεύς
522 232 564 275 δ’
601 233 762 285 ἀμνίον
788 234 895 290 εἶχε·

341 433 495 489 Αὐτὰρ
527 436 618 478 ἐπεί
644 434 688 491 ῤ’
721 436 924 486 εὔξαντο,
958 437 1031 480 καὶ
1061 435 1304 492 οὐλοχύτας
1330 435 1619 491 προβάλοντο,

297 491 454 536 αὐτίκα
480 494 703 545 Νέστορος
731 493 851 542 υἱός
880 491 1137 548 ὑπέρθυμος
1169 493 1472 547 Θρασυμήδης,

293 548 476 604 ἤλασεν..
507 548 604 605 ἄγχι
634 547 758 599 στάς·
789 551 971 601 πέλεκυς
1000 550 1044 592 δ’
1076 549 1266 594 ἀπέκοψε
1299 548 1503 598 τένοντας

185 611 267 650 450
298 606 547 660 αὐχενίους,
580 609 711 647 λῦσεν
742 605 788 648 δὲ
817 607 923 661 βοὸς
952 606 1102 660 μένος·
1133 608 1180 649 αἱ
1208 605 1248 648 δ’
1278 602 1492 655 ὀλόλυξαν

297 661 537 716 θυγατέρες
565 677 632 710 τε,
661 663 764 704 νυοί
792 678 854 712 τε,
886 663 960 705 καὶ
989 664 1133 718 αἰδοίη
1161 661 1422 715 παράκοιτις

298 719 543 771 Νέστορος,
574 717 826 788 Εὐρυδίκη,
862 721 1029 788 πρέσβα
1059 719 1306 774 Κλυμένοιο
1336 719 1581 770 θυγατρῶν.

300 777 342 817 οἱ
370 775 447 827 μὲν
478 774 611 816 ἔπειτ’
638 773 870 825 ἀνελόντες
900 775 987 818 άπὸ
1019 777 1196 845 χθονὸς
1211 773 1464 842 εὐρυοδείης

298 832 443 884 ε’σχον·
476 829 606 900 ἀτὰρ
617 831 781 886 σφάξεν
812 834 1140 884 Πεισίστρατος,
1172 830 1360 902 ὄρχαμος
1390 827 1577 881 ἀνδρῶν.

187 891 268 931 455
297 891 374 939 τῆς
407 885 451 929 6'
487 887 576 929 ἐπεὶ
608 887 653 930 ἐκ
682 888 817 941 μέλαν
848 892 953 944 αἱμα
983 888 1087 944 ῥύη.
1118 890 1213 931 λίπε
1244 886 1287 930 δ’
1321 885 1448 929 ὀστέα
1477 886 1634 940 θυμὸς,

302 941 401 992 αἶψ’
434 942 522 994 άρα
550 960 627 997 μιν
657 944 876 999 διέχευαν·
912 945 1033 1000 άφαρ
1065 944 1107 988 δ’
1140 945 1186 986 ἐκ
1217 944 1350 1011 μηρία
1379 940 1548 995 τάμνον

299 999 442 1043 πάντα
471 999 580 1042 κατὰ
607 1004 790 1068 μοῖραν,
821 1001 929 1044 κατά
958 1018 1003 1044 τε
1032 1003 1186 1073 κνίσσῃ
1218 999 1455 1049 ἐκάλυψαν,

301 1059 484 1110 δίπτυχα
512 1055 795 1111 ποιήσαντες,
833 1056 900 1100 ἐπ’
933 1057 1082 1100 αὐτῶν
1112 1057 1155 1099 δ’
1187 1056 1484 1115 ὠμοθέτησαν.

299 1118 393 1156 καῖε
425 1111 465 1155 δ’
496 1112 564 1154 ἐπὶ
594 1115 736 1168 σχίζῃς
766 1115 789 1156 6
818 1116 981 1184 γέρων,
1013 1115 1083 1157 ἐπὶ
1112 1112 1151 1156 δ’
1187 1116 1354 1156 αἴθοπα
1384 1116 1510 1153 οἰνον

187 1173 269 1212 460
297 1171 433 1223 λεῖβε·
463 1170 554 1211 νέοι
589 1169 634 1211 δὲ
663 1168 770 1223 παρ’
802 1168 939 1213 αὐτὸν
968 1171 1066 1226 ε’χον
1100 1170 1380 1239 πεμπώβολα
1394 1170 1551 1222 χερσίν.

304 1225 443 1277 αὐτὰρ
475 1225 566 1267 ἐπεὶ
593 1225 704 1267 κατὰ
734 1225 837 1281 μῆρ’
870 1225 993 1281 εκάη.
1022 1227 1095 1270 καὶ
1126 1224 1332 1280 σπλάγχν’
1365 1223 1597 1271 ἐπάσαντο,

234 1314 247 1321 ,
302 1280 541 1335 μίστυλλόν
572 1281 611 1322 τ’
643 1280 730 1335 α’ρα
759 1283 916 1331 τᾶλλα,
947 1284 1020 1325 καὶ
1050 1282 1163 1338 ἀμφ’
1197 1281 1417 1336 ὀβελοῖσιν
1448 1280 1636 1332 ἔπειραν,

301 1337 458 1380 ὤπτων
491 1336 534 1380 6'
538 1371 548 1389 ,
581 1336 860 1393 ἀκροπόρους
889 1338 1074 1394 ὀβελούς
1106 1339 1152 1382 ἐν
1182 1338 1328 1395 χερσὶν
1358 1337 1537 1392 έᾛχοντες

394 1451 487 1484 lavat
511 1452 753 1486 'lelemachum
779 1459 859 1486 ante
884 1454 1001 1498 epulas
1027 1453 1232 1496 Polycaste,
1265 1450 1426 1485 Nestmis
1451 1451 1535 1485 filia.

361 1530 516 1584 Τόφρα
544 1532 589 1574 δὲ
625 1533 875 1588 Τηλέμαχον
905 1536 1063 1575 λοῦσεν
1091 1529 1200 1584 καλή
1235 1529 1510 1586 Πολυκάστη,

195 1592 276 1631 465
308 1587 533 1656 Νέστορος
563 1586 779 1644 ὁπλοτάτη
809 1588 1008 1643 θυγάτηρ
1037 1586 1307 1658 Νηληϊάδαο.

308 1641 446 1698 αὐταρ
477 1644 566 1687 ἐπεὶ
596 1645 755 1688 λοῦσέν
784 1661 852 1698 τε,
883 1646 957 1688 καὶ
987 1644 1155 1700 ἔχρισεν
1184 1642 1275 1687 λίπ’
1304 1642 1446 1702 ἐλαίῳ,

138 1824 203 1866 abg
195 1822 346 1855 exeitete
381 1825 422 1855 W
428 1830 482 1856 ort
512 1821 666 1867 ἄλευρον
702 1827 787 1859 auch
811 1825 945 1870 μάλευ-

138 1880 204 1907 ρον
225 1867 298 1901 εἰείι
325 1869 428 1905 finde
441 1873 464 1889 “
511 1870 553 1902 ad
579 1856 645 1905 ἕλω
671 1872 821 1915 pertinet
843 1871 946 1913 ἔλσας

139 1912 180 1955 ε’,
210 1916 287 1948 132.
321 1916 447 1948 molere
478 1922 514 1949 ct
544 1919 732 1960 permolere
765 1930 825 1962 pro
860 1930 948 1963 qua-

141 1960 258 1993 tiendo
281 1971 342 1994 seu
370 1961 591 2004 percutiendo
611 1964 772 1997 dixerunt
790 1964 948 2004 Flaccus,

139 2005 332 2047 Petronius,
358 2009 545 2048 Ausonium
570 2010 660 2042 unde
680 2011 785 2043 verba
803 2011 949 2043 malleus

140 2057 175 2085 et
197 2052 350 2086 mulcare
373 2053 476 2086 ducta
500 2066 576 2088 esse
600 2055 688 2088 vidit
712 2056 948 2090 Buttmanuus.

140 2117 186 2122 —
217 2097 320 2133 Sch.:
345 2095 532 2140 α’μνίον.
568 2100 642 2135 ἐστι
665 2099 731 2145 μὶν
752 2103 826 2136 τῶν
850 2099 949 2144 ἅπαξ

142 2143 382 2200 εἰρημένων
364 2159 385 2188 η
405 2145 510 2189 λέξις,
533 2149 701 2192 σημαίνει
726 2147 765 2183 δε
790 2148 949 2192 ἀγγεῖον,

142 2188 239 2226 ὅπου
275 2190 316 2225 τὸ
327 2191 443 2245 αἱμα
480 2194 548 2226 τοῦ
594 2194 727 2235 ἱερειου
769 2196 950 2238 δέχονται.

144 2239 216 2270 Am.
236 2236 288 2269 E:
313 2233 386 2273 άπὸ
413 2240 481 2273 τοῦ
506 2238 618 2282 αἷμα,
642 2240 776 2285 inquit,
801 2241 951 2284 αἱμνιον

143 2296 176 2316 κ.
200 2279 347 2339 ἀμνίον.
395 2286 467 2318 Am.
488 2285 540 2325 Q:
567 2285 712 2328 ἀμνιᾞον
738 2286 779 2321 τὸ
805 2287 951 2333 ἀγγεῖον

143 2329 212 2364 τοῦ
236 2326 548 2374 ὑποσφάγματος,
585 2346 633 2373 ως
657 2334 801 2377 πηνίον.
852 2335 951 2377 Κρῆ-

145 2388 202 2414 τες
225 2376 375 2418 αΐμνιον
400 2375 491 2412 αὐτό
519 2391 623 2416 φασι.
647 2399 691 2404 -
729 2379 882 2423 γέρων
906 2399 952 2405 -—

145 2419 340 2467 βάλλων.
381 2424 570 2457 sacerdotis
596 2436 714 2458 munus
738 2425 953 2459 adminzstrat

148 2479 208 2501 rex
241 2469 394 2509 Nestor,
441 2470 533 2503 sicut
564 2471 790 2513 Agamemnoh
832 2472 872 2505 ll.

146 2513 211 2548 411
230 2525 321 2567 seqq
302 2527 335 2558 q.
360 2520 397 2548 et
421 2514 543 2549 Peleus
567 2516 690 2550 ibidem
715 2517 757 2558 λ’,
781 2518 859 2551 774.
908 2518 955 2550 cf·

147 2560 185 2593 ll.
209 2573 251 2603 y,
275 2561 357 2600 275,
384 2558 420 2600 ι’,
445 2564 524 2602 219,
549 2563 617 2596 534
636 2571 671 2595 et.
691 2575 799 2607 seqq.
825 2563 954 2606 Odyss-

148 2604 535 2647 ν’,171,181-187.,
566 2609 685 2641 necin
708 2609 956 2652 superioribus,

147 2653 208 2686 5-
218 2654 240 2686 9
263 2659 299 2684 et
323 2654 407 2687 31-
417 2654 485 2693 33,
526 2654 715 2687 sacerdotis
748 2655 788 2688 fit
820 2656 955 2688 mentio.

150 2709 183 2728 v
209 2697 268 2739 N,
306 2699 363 2742 qui
395 2707 430 2732 et
461 2678 545 2733 11⁹aec
577 2701 649 2733 loca
682 2700 886 2745 adscripsit
922 2707 958 2733 et.

150 2743 246 2796 plura
280 2743 323 2776 de
357 2744 418 2777 hoc
448 2757 568 2790 regum
600 2757 798 2790 graecorum
842 2746 956 2779 officio

150 2788 240 2823 scffire
276 2789 453 2833 cupientes
490 2792 601 2825 evolvi
635 2792 735 2837 jussit
764 2792 958 2825 Hi'xllmunni

152 2836 369 2869 staatsreche
402 2837 461 2870 des
489 2838 635 2873 ›ileertln
663 2850 695 2883 p.
723 2839 768 2873 69
794 2843 829 2870 et
850 2849 959 2879 sequ„

151 2879 288 2914 ΜίἰΙΙετί
316 2881 447 2917 Hellen.
474 2887 524 2918 St.
552 2887 582 2918 1.
609 2895 642 2927 p.
670 2886 760 2924 186..
784 2883 875 2920 Plat.
893 2884 959 2916 Po-

153 2926 205 2959 lit.
241 2938 275 2970 p.
310 2928 401 2968 290,
438 2929 476 2961 Ε.
515 2948 557 2954 -
592 2930 681 2965 idem
715 2930 850 2963 notavit
883 2941 960 2964 raro

155 2986 174 3006 κ
185 2985 207 3005 α
222 2985 239 3005 τ
253 2971 277 3006 ά
288 2985 307 3015 ρ
318 2986 338 3017 χ
349 2985 364 3007 ε
375 2985 394 3007 σ
405 2975 432 3008 θ
445 2988 466 3008 α
479 2988 491 3009 ι
535 2977 726 3011 adsciscere
763 2975 960 3020 geniuvum.

751 127 1148 168 ΟΜΗΡΟῙἱ

927 234 1068 302 γέρων
1099 233 1144 277 δ’
1175 233 1392 303 ἱππηλάτα
1422 232 1603 286 Νέστωρ

184 295 266 335 445
297 290 490 360 χέρνιβά
506 290 563 339 τ’,
593 289 831 359 οὐλοχύτας
860 307 926 342 τε,
957 289 1214 362 κατήρχετο,
1245 289 1386 333 πολλα
1416 288 1459 332 δ’
1488 288 1651 346 Ἀθήνῃ

296 344 434 400 εὔχετ’
463 343 788 402 ἀπαρχόμενος,
819 351 1010 402 κεφαλῆς
1038 350 1182 402 τρίχας
1213 346 1259 389 ἐν
1287 346 1395 400 πυρὶ
1421 345 1605 402 βάλλων.

906 2470 952 2518 β’,
999 2472 1066 2513 ξαν
1099 2477 1167 2504 etc.
1214 2471 1258 2505 cs.
1302 2482 1380 2505 ann.
1423 2470 1467 2504 ad
1501 2471 1540 2503 ΙΙ.
1573 2467 1616 2513 η’,
1647 2470 1726 2505 316
1760 2488 1807 2497 —

992 1837 1023 1857 v.
1057 1825 1203 1858 Porsen.
1236 1824 1279 1859 ad
1312 1824 1435 1880 Eur-ip.
1464 1824 1529 1856 Or.
1538 1822 1646 1865 9.,49
1680 1823 1797 1856 Monk.

992 1870 1035 1904 ad
1050 1870 1175 1906 Alcest.
1188 1872 1245 1905 74.
1269 1890 1313 1895 —
1337 1867 1648 1912 ὑπέρθυμος,
1671 1880 1830 1914 maga--

993 1918 1150 1957 animus,
1186 1928 1383 1971 gfncrosuS.
1418 1916 1459 1950 ll.
1484 1913 1531 1962 β,
1555 1916 1623 1950 746
1655 1921 1722 1949 etc.
1754 1927 1829 1940 -’

993 1966 1066 1997 Αιιι.
1103 1962 1151 1996 E:
1199 1961 1444 2004 ὀλόλυξαν.
1485 1960 1577 2004 μετὰ
1607 1962 1700 2006 βοῆς
1732 1960 1829 2006 vlf-1

994 2010 1117 2052 ξαντο.
1167 2008 1232 2044 τὸν
1255 2008 1323 2054 γοὶρ
1348 2007 1549 2053 ὀλολυγμὸν
1562 2007 1650 2052 ”’.Ομ
1675 2020 1803 2053 γυναι·
1826 2034 1828 2037 .

995 2055 1098 2090 κείαν
1141 2052 1252 2099 ευχήν
1285 2057 1387 2099 λέγει.
1435 2067 1469 2088 v.
1503 2066 1581 2088 ann.
1616 2054 1659 2088 ad
1690 2055 1730 2088 ΙΙ.
1761 2054 1802 2096 ζ,
1828 2089 1830 2092 ,

994 2102 1075 2136 301.
1102 2119 1146 2126 —-
1172 2102 1460 2145 Κλυμένοιο,
1487 2101 1579 2144 regis
1595 2101 1829 2145 Minjarum„

996 2153 1036 2180 ut
1068 2147 1205 2191 quidam
1246 2154 1381 2193 putant.
1430 2147 1629 2180 Anaxibium
1670 2152 1803 2180 tantum

996 2193 1161 2227 Nestoris
1196 2206 1332 2228 uxorem
1375 2192 1472 2227 novit
1507 2193 1735 2249 Apollodorus
1771 2194 1804 2234 1,
1826 2193 1829 2205 ⁵

997 2240 1030 2280 9,
1055 2240 1103 2279 9.,
1137 2240 1251 2274 ubiv
1277 2241 1395 2294 He)n
1422 2257 1466 2263 —
1499 2240 1571 2273 Am.
1604 2238 1653 2271 Β.
1664 2236 1829 2295 ‹ivs-l

997 2287 1013 2318 λ
1029 2283 1161 2326 ὄντες
1188 2287 1296 2329 δηλοῖ
1311 2285 1353 2320 τὸ
1374 2283 1451 2320 ἄνω
1472 2282 1631 2322 ἑλόντες·
1657 2281 1696 2318 ἔκ
1714 2283 1806 2319 rov'-

997 2344 1063 2365 του
1090 2330 1128 2366 δε
1153 2330 1194 2367 τὸ
1219 2331 1554 2374 ‹xi-epicoena
1577 2330 1636 2373 (ll.
1650 2328 1683 2364 α’
1686 2329 1805 2387 ‚3459)

999 2379 1191 2422 δηλοῦται.
1226 2399 1270 2403 -
1303 2381 1384 2423 Ap.:
1411 2376 1673 2434 διέχευαν.
1687 2375 1827 2419 διεμέ-

998 2435 1116 2465 ρισαν.
1166 2426 1236 2458 Αιιι.
1272 2425 1318 2458 B:
1362 2422 1564 2467 διέκοψαν,
1595 2419 1619 2466 ἢ
1651 2421 1804 2458 ἀνέπτυ-

1001 2519 1073 2550 Αιιι.
1108 2517 1149 2549 Β.
1182 2522 1218 2550 et
1251 2517 1319 2556 Q..
1355 2513 1687 2559 ἀκροπόρους.
1720 2527 1810 2556 τους

1001 2560 1094 2598 κατὰ
1117 2560 1233 2606 ἄκρον
1256 2563 1453 2607 πείροντας
1475 2576 1507 2598 κ.
1531 2563 1744 2604 κεντῶντας.

1048 2652 1167 2688 464-
1180 2653 1259 2688 470.
1307 2653 1459 2711 τόφρα
1502 2673 1546 2680 -
1589 2653 1807 2690 Πολυκά-

1004 2711 1099 2755 στη.
1135 2701 1206 2733 Am.
1220 2700 1284 2740 Q.=
1312 2699 1369 2736 ὅτι
1393 2698 1469 2736 ὑπὸ
1495 2699 1695 2741 παρθένων
1720 2699 1810 2740 εθος

1003 2740 1050 2789 ἦν
1073 2759 1161 2785 τους
1185 2742 1308 2790 ἥρωας
1332 2746 1509 2783 λούεσθαι
1535 2751 1600 2780 etc.
1633 2759 1704 2780 com
1734 2751 1811 2782 arnt

1006 2798 1041 2825 et
1071 2791 1126 2826 hic
1160 2800 1196 2825 et
1231 2793 1260 2825 Ε
1295 2793 1514 2827 ministerium
1550 2793 1665 2826 Hebes
1698 2793 1740 2826 1.
1771 2791 1838 2879 ε’,ῖι

1004 2839 1082 2872 905.
1109 2839 1302 2873 verecunde
1323 2841 1375 2874 Ε.
1398 2837 1465 2884 χρὴ
1492 2836 1532 2874 δε
1556 2843 1658 2874 νοεῖν
1683 2852 1733 2879 ως
1754 2851 1811 2874 κι-

1005 2883 1202 2924 λεύσαντος
1225 2888 1296 2920 τοῦ
1317 2885 1454 2930 πατρὸς
1476 2885 1570 2919 κατά
1596 2884 1638 2920 τὸ
1666 2879 1833 2923 σιωπαί-ιι

1006 2942 1118 2974 μενον
1153 2930 1278 2967 ἔλουσε
1309 2932 1375 2968 τὸν
1405 2934 1556 2967 νεανίαν
1588 2931 1612 2976 ἡ
1645 2925 1825 2978 βασιλική

1008 2981 1104 3019 παῖς.
1152 2979 1237 3012 scil.
1253 2979 1390 3015 honoris
1413 2978 1446 3013 id
1469 2989 1576 3013 causa
1599 2979 1701 3023 fecit,
1723 2978 1824 3024 quod!
