1856 3282
112 149 188 187 182

733 146 1129 188 ΟΜΗΡΟΥ

325 266 423 300 quem
447 256 604 290 miserata
632 257 827 290 Leucothea
848 257 970 300 jubet,
1005 256 1156 289 vestibus
1183 255 1298 290 exutis
1322 259 1358 289 et
1381 254 1503 289 relicta
1527 259 1622 297 rate,
1646 255 1757 289 velum

244 301 412 341 divinum,
445 303 535 347 quod
567 303 635 348 ipsi
670 303 750 344 dat,
782 302 915 348 pectori
945 302 1187 344 substernere,
1228 300 1346 346 itaque
1376 301 1526 335 natando
1551 300 1699 336 evadere
1723 301 1760 335 in
1823 307 1830 348 J

243 348 431 382 Scheriam.

359 413 449 456 T6v
484 413 529 457 δὲ
559 415 651 457 ἴδεν
673 413 878 486 Κάδμου
897 412 1121 469 θυγάτηρ,
1149 413 1446 482 καλλίσφυρος
1481 412 1578 458 Ἰνώ

279 470 523 540 Λευκοθέη,
553 487 580 524 ‘¹1'
610 471 714 521 πρὶν
748 470 825 523 μὲν
855 470 930 526 ἔην
961 470 1120 524 βροτός
1150 469 1384 524 αὐδήεσσα,

170 528 252 571 535
282 531 380 596 νῦν
397 525 440 568 δ’
472 525 574 575 ἁλὸς
605 527 652 569 ἐν
671 526 906 596 πελάγεσσι
935 531 1051 569 θεῶν
1079 524 1283 597 ἐξέμμορε
1313 529 1461 582 τιμῆς·

278 582 305 636 ἢ
338 581 380 634 ῥ’
412 581 587 652 Ὀδυσῆ’
618 580 786 637 ἐλέησεν
815 581 1065 652 ἀλώμενον,
1096 581 1212 637 ἄλγε’
1247 582 1414 636 ἔχοντα,

282 640 456 708 ἀἰθυίῃ
487 637 528 680 6’
561 639 700 680 εἰκυῖα
728 654 840 694 ποτῃ
873 637 1116 682 ἀνεδύσατο
1146 640 1324 694 λίμνης,]

303 699 341 748 ζε
368 693 410 738 δ’
442 694 511 738 ἐπὶ
540 697 707 751 σχεδίης
736 696 1040 752 πολυδέσμου,
1070 692 1160 738 εἶπέ
1189 711 1234 738 τε
1262 698 1432 750 μῦθον·

156 826 373 863 334—335.
421 827 463 863 ‹le
489 830 592 862 Inone
614 830 809 865 Leucothea
833 843 865 864 v.
882 830 919 865 N

112 875 144 907 h.
169 874 191 907 Ι.
218 879 253 907 et
262 874 457 931 'lllythicos
494 878 564 908 Am.
592 876 638 915 Q.
663 882 698 910 et
722 877 776 918 Β,
803 878 919 934 εῖἍΛΗ

110 919 156 953 ro?
190 920 271 962 περὶ
312 932 379 963 την
415 921 632 978 Λευκοθέαν
673 920 791 963 ου’τως
836 921 919 966 ἔχει.

110 964 308 1000 Ἀθάμαντι
342 966 495 1013 συνῴκει
530 965 552 1011 ἡ
584 965 682 1010 Ἰνώ,
724 981 756 1002 κ.
788 971 920 1009 παῖδες

112 1010 208 1057 αὐτῇ
232 1013 398 1067 γίνονται
427 1014 590 1057 Λέαρχος
624 1028 655 1048 κ.
684 1015 919 1070 Μελικέρτης.

111 1059 238 1101 μανεὶς
256 1057 295 1092 δὲ
313 1055 471 1100 Ἀθαμας
493 1059 556 1094 δια
576 1058 644 1104 τήν
663 1062 775 1117 μῆνιν
789 1058 919 1105 Ἡρας,

113 1117 171 1139 οτι
196 1104 338 1159 ἔθρεψε
364 1104 429 1140 τὸν
455 1105 641 1141 Διόνυσον
672 1104 696 1149 ἡ
717 1105 820 1148 Ἰνώ,
853 1108 919 1143 τὸν

112 1150 275 1194 Λέαρχον
316 1148 480 1193 ἀναιρεῖ,
523 1152 643 1195 ἐμελλε
677 1150 717 1187 δὲ
756 1154 819 1188 καὶ
853 1154 921 1189 τὸν

99 1217 122 1231 .
116 1209 248 1238 τερον,
273 1194 512 1240 ἀναλαβοῦσα
537 1196 576 1231 δὲ
597 1197 713 1232 αὐτὸν
728 1196 804 1233 Ἰνω
828 1199 920 1244 φεύ-

112 1254 188 1286 ῃει,
223 1254 255 1276 κ.
287 1242 422 1286 ἑαυτὴν
455 1245 507 1282 εἰς
539 1241 606 1287 τήν
637 1244 832 1279 θάλασσαν
865 1245 922 1288 ῥί-

112 1288 298 1322 vnn-6102
323 1287 363 1323 δὲ
386 1288 454 1329 τὴν
473 1288 661 1325 Διονύσου
686 1290 829 1335 τροφήν
852 1303 922 1326 συν

113 1334 165 1391 τῷ
187 1335 295 1369 παιδὶ
327 1335 482 1370 ἰσοθέου
518 1337 624 1392 τιμῆς
656 1335 779 1380 ξ’,λαχε
817 1351 850 1373 κ.
875 1336 924 1372 τὰ

115 1378 280 1422 ὀνόματα
299 1380 532 1426 μετέβαλον“
512 1395 534 1438 η
554 1384 620 1426 μὲν
630 1382 823 1418 Λευκοθέα
836 1387 922 1428 κλη-

113 1430 226 1462 θεῖσα
261 1427 323 1461 διοὶ
356 1427 397 1462 τὸ
436 1429 561 1474 φυγήν
594 1431 826 1473 πεποιῆσθαι
857 1429 920 1465 δια

113 1475 183 1508 τοῦ
207 1474 352 1508 Λευκοῦ
385 1477 517 1510 πεδίου
542 1476 607 1520 τῆς
630 1478 862 1519 Μεγαρίδος,
901 1472 920 1511 ὃ

116 1518 157 1554 δὲ
185 1521 391 1562 Παλαίμων
426 1520 490 1556 δια
523 1521 564 1558 τό
598 1521 923 1575 συλλαμβάνεσθαι

114 1569 194 1605 τοῖς
217 1567 417 1600 παλαίουσι
447 1580 542 1602 κατα
567 1567 776 1602 θάλασσαν.
826 1568 921 1601 Mes-

115 1612 229 1646 seniae
254 1623 405 1656 campum
432 1612 522 1646 illum
549 1613 605 1646 alii
633 1615 843 1654 credebant,
883 1617 922 1647 ut

117 1664 236 1692 auctor
260 1664 313 1690 est
338 1659 439 1691 Paus.
466 1659 500 1702 4,
526 1659 584 1700 34,
610 1660 643 1693 2.
669 1660 711 1693 de
737 1660 922 1703 Megaren-

115 1705 202 1737 sium
226 1704 422 1737 narratione
445 1716 478 1737 v.
504 1705 593 1738 idem
620 1707 651 1746 1,
670 1705 728 1746 42,
750 1707 782 1739 8.
808 1710 842 1738 et
865 1705 923 1747 44,

117 1752 174 1786 12.
227 1749 391 1783 alterutro
417 1751 524 1794 igitur
549 1751 669 1784 horum
692 1752 844 1785 locorum
870 1751 924 1784 di-

116 1796 215 1829 vinus
240 1795 351 1828 cultus
376 1796 518 1841 primum
543 1796 693 1830 tributus
726 1808 802 1829 esse
826 1797 924 1830 vide-

117 1846 172 1874 tur
196 1840 312 1882 Inoni,
337 1852 357 1874 a
381 1853 446 1886 quo
472 1842 545 1875 loco
566 1842 741 1896 appellata
765 1846 818 1875 est
835 1843 925 1875 Leu-

117 1886 248 1920 cothe
296 1898 370 1920 nam
396 1888 494 1932 longe
519 1890 702 1932 iepetitum
727 1892 800 1929 est,
836 1887 925 1931 quod

117 1938 217 1977 putat
239 1932 354 1965 Scliol.
389 1933 474 1969 Ven.
507 1945 583 1967 ann.
617 1934 661 1967 ad
695 1934 736 1967 ll.
761 1934 807 1975 α’,
831 1935 910 1968 358.
903 1957 926 1974 .,

118 1979 150 2011 id
177 1990 250 2011 eam
275 1990 392 2012 nomen
418 1980 594 2024 accepisse
631 1992 651 2013 a
681 1990 799 2023 spuma
823 1980 925 2012 maris

118 2024 195 2058 alba
221 2035 282 2068 per
307 2031 556 2069 tempestatem.
602 2037 635 2058 v.
670 2030 781 2059 tamen
807 2025 925 2058 N.—

117 2072 457 2113 καλλίσφυρος.
489 2069 531 2111 λ’,
552 2073 632 2113 602,
656 2071 697 2105 ΙΙ
725 2069 760 2112 ι’,
777 2072 926 2106 553etc.

121 2136 161 2141 —
188 2115 454 2160 αὐδήεσσα,
478 2118 637 2161 loquens,
661 2096 801 2150 vocalis.
835 2128 926 2150 com-

119 2173 217 2195 mune
252 2163 416 2195 hominum
452 2163 653 2214 epitheton,
700 2168 737 2196 ut
748 2161 928 2208 μέροπες

119 2209 160 2242 ΙΙ.
188 2205 234 2250 α’,
253 2209 332 2243 250.
361 2214 395 2242 et
416 2209 512 2242 alias.
551 2207 592 2251 ζ’,
616 2209 713 2245 125..
737 2207 829 2252 ῆνύ
851 2221 925 2243 που

120 2252 335 2296 ἀνθρώπων
359 2255 433 2295 εἰμὶ
459 2255 588 2309 σχεδὸν
613 2253 849 2297 αὐδηέντων,
873 2260 927 2289 est

119 2300 225 2355 igitur
249 2299 352 2334 Circe
377 2297 565 2344 αὐδήεσσα
597 2299 648 2342 κ’,
673 2303 772 2344 136,
805 2302 853 2344 λ’,
877 2303 926 2342 8,

160 2346 295 2389 ,15.,0
337 2347 474 2390 loquens
508 2358 601 2381 more
633 2347 926 2388 11οωὶ1111111,11011

122 2390 187 2426 διὰ
209 2392 392 2447 σημείων,
426 2393 536 2426 1111111
559 2393 672 2426 Schol.
695 2393 736 2426 B.
769 2405 847 2427 ann.
881 2393 926 2426 ad

123 2439 160 2471 ll.
187 2436 230 2478 τ’,
253 2437 333 2472 407.
358 2460 403 2464 -
444 2435 554 2480 αλὸς
584 2438 633 2473 ἐν
655 2437 926 2482 πελάγεσσι.

121 2483 207 2518 haud
234 2485 320 2517 male
344 2483 535 2540 interpres·
561 2486 668 2518 muris
691 2485 728 2518 in
741 2486 928 2538 fluctibus.-

122 2541 195 2563 nam
221 2528 376 2584 πέλαγος
402 2542 420 2564 a
445 2529 560 2572 πέλω,
591 2529 752 2572 πελαζω,
789 2530 930 2575 proprie

119 2575 293 2618 significat
327 2577 502 2619 impetum.
556 2577 713 2609 similiter
749 2576 929 2620 'Ilieognis

119 2621 261 2656 πόντον
286 2619 377 2662 αλὸς
400 2622 487 2655 dixit
512 2624 587 2662 10.‚
612 2627 651 2656 ut
678 2622 714 2656 N
739 2623 929 2656 annotavit.

121 2667 166 2702 cf.
185 2668 378 2702 Areliilocli.
401 2668 523 2711 fragm.
547 2669 604 2702 72.
617 2686 663 2692 -
685 2666 927 2711 ἐξέμμορε.

120 2712 163 2754 λ,
188 2714 294 2754 337,,
319 2715 357 2748 ll.
384 2713 418 2747 α’
429 2715 543 2754 ,27S.
579 2719 616 2747 et
649 2712 679 2747 o‘
691 2715 802 2755 ,189-
841 2714 931 2748 dixit.

119 2758 274 2801 ἐίιμορε,
310 2760 404 2803 cujus
429 2758 713 2815 significationem
737 2764 857 2816 auget
869 2760 930 2794 ad·

121 2805 193 2838 dita
217 2806 389 2850 praeposit
381 2806 438 2839 io.
454 2825 495 2830 ——
522 2801 547 2849 η’
570 2804 590 2847 ῤ
628 2803 815 2850 Ὀδυσῆ’
840 2803 930 2841 ἕλε’-

120 2861 233 2894 ησεν
257 2871 313 2883 -.
362 2854 433 2884 Am.
455 2852 500 2890 Q.
524 2851 684 2886 a‹1333.:
710 2852 811 2886 διατί
835 2850 931 2894 αὕτη

120 2895 226 2950 μόνη
239 2897 408 2941 οἰκτείρει
430 2896 495 2932 τὸν
516 2895 721 2933 Ὀδυσσέας
746 2898 869 2932 λύεται
891 2897 930 2933 δὲ

122 2957 159 2976 εκ
182 2943 263 2993 τῆς
269 2943 414 2986 λέξεως·
442 2944 530 2987 φησὶ
551 2957 619 2988 γαρ
643 2942 773 3000 αὗτήν
781 2941 931 2986 ἅνθρω-

122 3001 191 3024 πον
226 2993 322 3025 εἰναι
357 2987 399 3025 τό
432 2989 624 3035 πρότερον.
673 3004 722 3032 ως
753 2987 933 3036 ὁμοιοπα-

963 827 1040 874 θὴς
1075 841 1144 864 ουν
1179 826 1383 871 ανθρωπος
1415 825 1566 869 εἰκότως
1596 828 1768 872 οἰκτείρει
1826 829 1828 835 “

964 875 1032 911 τὸν
1046 873 1125 910 ⁹06.
1153 888 1223 910 ουκ
1245 876 1478 909 ε’ναντιουται
1496 872 1536 909 δὲ
1561 874 1628 918 (ita
1641 876 1766 909 Buttm.

965 934 1028 967 pro
1056 916 1156 965 οὖν.)
1186 922 1416 956 Ποσειδῶνι·
1441 918 1609 960 κακεῖνος
1627 934 1696 965 γαρ
1715 919 1771 956 οἷ-

967 970 1030 1003 δεν
1057 967 1115 1003 ότι
1140 970 1197 1002 δεῖ
1221 970 1392 1011 σωθῆναι
1416 965 1544 1002 αὐτόν.
1578 967 1667 1004 idem
1693 968 1726 1000 11.
1744 967 1770 1002 Ι.
1819 973 1825 984 '

965 1015 1009 1048 ab
1045 1013 1281 1048 emendatione
1311 1013 1530 1046 Buttmanni:

965 1059 1136 1105 κέχρηται
1167 1061 1220 1106 τῷ
1254 1059 1470 1103 ἔπεισοδίῳ·
1507 1057 1585 1101 ἅμα
1609 1059 1698 1113 γάρ
1705 1054 1771 1101 οἷρ-
1812 1064 1820 1074 ’

964 1109 1074 1150 χαίαν
1090 1096 1258 1150 ἱστορίαν
1275 1105 1496 1140 ἐνδέδεικται
1517 1104 1584 1147 ἔξω
1594 1118 1660 1149 της
1679 1101 1772 1139 ὑπο-

965 1151 1157 1194 θέσεως,κ.
1169 1151 1270 1196 τόπῳ
1289 1149 1452 1194 αρμόζον
1466 1150 1667 1193 πρόσωπον
1678 1164 1753 1193 παρ

967 1198 1104 1243 ἐλαβεν.
1152 1196 1242 1237 ἔθος
1272 1210 1311 1232 τε
1331 1196 1481 1241 Ομήρω
1507 1196 1545 1231 ἐν
1566 1200 1644 1236 τοῖς
1666 1195 1773 1240 ἐσχοὶ-

966 1256 1046 1284 τοις
1058 1243 1249 1284 κινδυνοις
1258 1244 1361 1278 θεων
1379 1243 1560 1289 βοηθείας
1569 1241 1773 1287 τυγχάνειν.

1015 1335 1108 1377 337,
1137 1335 1215 1370 338.
1242 1335 1418 1380 αἰθυίη

969 1392 1088 1425 mergo
1121 1382 1243 1414 similis
1276 1348 1418 1418 οοῑιιηιῃ
1454 1381 1597 1415 Aristot.
1632 1382 1675 1414 de
1707 1381 1772 1414 hoc

967 1438 1094 1470 genere
1119 1427 1315 1481 aquatilium
1336 1428 1382 1462 Η.
1406 1428 1448 1461 Α.
1475 1430 1506 1469 1,
1533 1430 1563 1469 1,
1587 1428 1638 1462 6.:
1663 1425 1710 1461 τοὶ
1729 1425 1771 1461 δὲ
1833 1429 1836 1440 '

967 1471 1034 1515 τήν
1057 1485 1125 1515 μεν
1149 1486 1294 1530 τροφην
1308 1477 1480 1516 ποιεῖται,
1496 1452 1627 1529 ”inquig
1651 1487 1684 1508 κ.
1705 1471 1775 1517 τήν
1832 1489 1834 1519 ,'

968 1516 1166 1563 διατριβὴν
1199 1517 1239 1553 ἐν
1262 1520 1312 1564 τῷ
1338 1517 1460 1576 ὑγρῷ,
1496 1532 1542 1554 ον
1565 1517 1692 1561 μέντοι
1715 1518 1773 1554 δέ·

966 1577 1066 1608 χεται
1092 1564 1133 1598 τὸ
1166 1555 1297 1607 ν’δωρ,
1327 1563 1418 1601 αλλὰ
1447 1562 1514 1600 τόν
1537 1562 1629 1607 ἀέρα
1659 1567 1776 1610 (secus
1828 1566 1831 1598 ἕ

968 1622 1009 1643 ac
1033 1609 1189 1665 plerique
1214 1611 1357 1655 pisces),
1382 1626 1414 1647 κ.
1439 1612 1550 1666 γεννᾷ
1573 1610 1653 1652 ἔξω.
1685 1615 1774 1646 πολ·
1829 1614 1831 1619 “

967 1655 1014 1690 λοὶ
1039 1654 1079 1689 6'
1103 1655 1177 1691 ἐστὶ
1201 1659 1359 1692 τοιαῦτα
1383 1672 1415 1694 κ.
1438 1655 1540 1699 πεζὰ,
1571 1668 1693 1702 ωσπερ
1717 1654 1773 1691 ἔν·-

968 1701 1053 1744 υδρὲ
1042 1714 1096 1743 ις,
1126 1716 1158 1736 κ.
1166 1701 1334 1760 λα’ταξ,
1367 1716 1399 1739 κ.
1421 1703 1668 1747 κροκόδειλος·
1712 1702 1775 1737 καὶ

968 1746 1114 1791 πτηνὰ,
1140 1761 1221 1784 οιον
1245 1750 1402 1792 affimat,
1427 1763 1460 1785 κ.
1483 1750 1677 1794 κολυμβίς
1711 1748 1775 1784 καὶ

971 1792 1119 1834 οἱποδα,
1154 1793 1235 1831 οἷον
1267 1793 1392 1838 νδρος.
1438 1795 1530 1831 idem
1553 1797 1588 1837 5,
1613 1796 1647 1836 8,
1671 1793 1726 1830 4.
1750 1793 1772 1838 ἡ

972 1838 1013 1875 δὲ
1046 1840 1184 1874 οιῖθυια
1210 1841 1283 1899 1καὶ
1310 1842 1346 1876 οὶ
1380 1840 1488 1885 λάροι
1517 1843 1682 1877 τίκτουσι
1706 1840 1774 1898 μὲν

972 1886 1012 1922 ἐν
1035 1889 1117 1926 ταῖς
1138 1887 1220 1930 περὶ
1241 1886 1309 1931 τήν
1331 1886 1527 1924 θάλασσαν
1549 1887 1710 1942 πέτραις,
1733 1885 1777 1922 τὸ

971 1932 1039 1977 μὲν
1068 1933 1216 1976 πλῆθος
1246 1932 1317 1969 δύο
1351 1947 1375 1979 η
1400 1936 1507 1989 τρία·
1545 1931 1631 1969 ἀλλ’
1665 1930 1685 1968 ὁ
1708 1933 1777 1978 μὲν

972 1979 1084 2022 λαρος
1109 1980 1179 2013 τοῦ
1202 1979 1360 2023 θέρους,
1397 1977 1421 2025 ἡ
1446 1979 1486 2017 δ’
1511 1980 1645 2015 αἴθυια
1643 1978 1776 2034 ἀρχο-

971 2027 1084 2070 μένου
1107 2027 1178 2060 τοῦ
1202 2025 1310 2080 ἔαρος
1332 2023 1451 2068 εὐθύς
1473 2025 1512 2062 ἐκ
1535 2026 1704 2083 τροπῶν,
1740 2039 1775 2062 κ.

972 2070 1226 2113 ἑπικαθεύδει,
1260 2069 1380 2117 ω’σπερ
1405 2073 1444 2107 αι
1469 2071 1574 2108 ἄλλαι
1606 2070 1774 2127 ὄρνιθες·

974 2115 1171 2163 ου’δέτερον
1204 2116 1245 2152 δὲ
1270 2118 1426 2160 φωλεύει
1447 2118 1592 2154 τούτων
1613 2131 1688 2154 των
1712 2115 1773 2161 ὀρ-

971 2165 1077 2199 νέων.
1117 2165 1163 2197 cf.
1195 2164 1244 2198 ibi
1268 2165 1371 2199 Schn.
1395 2171 1431 2198 et
1453 2176 1531 2200 ann.
1553 2165 1597 2200 ad
1628 2166 1686 2200 51.
1708 2176 1776 2199 11011
1818 2176 1820 2179 ’

971 2211 1110 2243 videtur
1130 2212 1232 2255 poeta
1250 2210 1364 2244 dicere
1376 2222 1534 2255 mergum
1544 2211 1655 2252 Linn.,
1671 2221 1776 2256 germ.

972 2257 1029 2290 «1oe
1054 2256 1271 2297 Ταιισὴεηΐο,
1307 2256 1397 2301 quod
1423 2269 1533 2302 genus
1558 2268 1685 2302 parere
1718 2267 1776 2290 εο-
1815 2267 1818 2294 ζ

972 2303 1020 2337 let
1046 2303 1089 2336 12
1112 2301 1154 2335 ad
1182 2300 1226 2336 14
1254 2313 1341 2343 ova,
1373 2304 1433 2337 sed
1457 2304 1642 2346 colymbum
1661 2301 1775 2343 Lino,
1812 2307 1815 2341 j

976 2359 1083 2391 germ.
1116 2349 1183 2381 den
1218 2348 1396 2391 Taucher,
1428 2353 1464 2382 et
1491 2349 1628 2393 quidem
1651 2350 1775 2392 colym-
1812 2345 1816 2388 ς’

973 2395 1051 2427 bum
1075 2395 1256 2427 cristatum
1276 2393 1387 2436 Linn.‚
1423 2395 1489 2428 den
1512 2406 1655 2439 grosseti
1675 2394 1777 2428 Hau·
1812 2423 1814 2426 ,

973 2440 1194 2474 bentancher.
1241 2440 1362 2474 Voss.:
1406 2441 1478 2474 und
1503 2441 1569 2475 wie
1599 2441 1655 2476 ein
1685 2451 1775 2474 was—
1801 2441 1812 2486 'j

974 2486 1124 2519 serhuhn
1140 2487 1220 2529 flog
1242 2486 1370 2519 schncll
1399 2487 1448 2520 sie
1471 2497 1587 2531 empor
1609 2497 1673 2521 aus
1695 2487 1775 2520 dom
1809 2497 1811 2500 ·

975 2532 1116 2565 strudel.
1162 2531 1333 2565 intellexit
1364 2531 1472 2576 igitur
1489 2533 1640 2575 fulicam
1664 2532 1775 2573 Lino„

974 2578 1070 2621 cujus
1094 2576 1169 2610 avis
1204 2583 1240 2611 et
1263 2578 1446 2622 expeditus
1478 2583 1532 2612 est
1553 2578 1707 2620 volatus,
1738 2583 1776 2612 et.

974 2624 1060 2657 satis
1085 2623 1176 2656 celer
1199 2634 1320 2657 cursus
1343 2624 1379 2657 in
1401 2629 1507 2659 terra.
1539 2635 1584 2713 vi)
1596 2624 1772 2658 Wilmsen.

974 2669 1114 2704 nando.
1145 2669 1207 2702 der
1232 2670 1466 2724 Naturgesclae.
1491 2671 1524 2705 1.
1585 2670 1707 2706 ..906
1730 2689 1775 2696 -

974 2716 1323 2759 λίμνης,]1αετιεί,
1345 2715 1458 2750 maris
1482 2727 1517 2749 v
1535 2680 1584 2760 γ’,
1608 2714 1772 2756 1‚11.v'‚

975 2763 1017 2796 21
1041 2764 1106 2794 etc.
1119 2778 1163 2785 —
1187 2772 1253 2795 non
1277 2761 1455 2815 legebatur
1480 2759 1536 2795 hic
1557 2771 1678 2796 versus
1696 2761 1784 2796 olim

976 2808 1010 2840 in
1036 2806 1209 2851 plerisque
1233 2806 1494 2861 exemplaribus
1515 2810 1554 2840 ut
1570 2811 1712 2841 narrant
1729 2807 1773 2848 Η,

978 2853 1076 2887 llarl.
1100 2858 1135 2886 et
1158 2854 1230 2886 Am.
1258 2854 1303 2894 Q.
1347 2853 1443 2907 cujus
1465 2851 1508 2885 de
1531 2852 1601 2887 fide
1623 2852 1776 2888 incertus

980 2898 1198 2932 Aristarchus
1220 2898 1336 2932 maluit
1359 2895 1590 2934 vanniano.-
1623 2899 1666 2932 W
1691 2910 1774 2933 01111-
1798 2938 1801 2943 ,

980 2945 1129 2979 cenavit.
1177 2945 1332 2979 sublecta
1356 2944 1440 2978 haec
1473 2945 1641 2989 putabant
1663 2945 1772 2979 Scho-

981 2990 1103 3025 liastae
1133 2991 1226 3035 853„
1259 2990 1382 3037 quibus
1415 2990 1593 3026 assentior.
1618 3010 1660 3017 -
1695 3002 1771 3027 zo-
1798 3000 1799 3003 ’

1572 1014 1776 1067 δαιμονίως

1450 1335 1615 1370 εἰκυῖα
1637 1335 1772 1380 ποτῇ,
1809 1344 1838 1386 1,1
