1856 3282
510 178 1086 221 ΟΔΤΣΣΕΙΛΣ
1143 177 1193 218 Ο.

1590 180 1673 222 243

202 289 250 333 ἐν
277 287 399 358 δήμῳ
423 287 616 360 Ἰθάκης,
647 287 740 332 ἄλλ’
770 286 893 344 ὑμεῖς
919 285 1118 356 καρτεροὶ
1147 286 1242 329 αἰεί.

24 389 28 394 ,
93 348 175 391 585

292 344 382 388 Τὸν
411 344 452 389 δ’
484 348 539 389 αὐ
577 347 821 417 Τηλέμαχος
847 341 1123 412 πεπνυμένος
1149 341 1301 386 α’ντίον
1329 341 1465 399 ηὔδα·

206 402 292 455 „ab
319 401 402 456 γὰρ
431 405 586 453 τοῦτο,
617 405 748 454 ξεῖνε,
778 400 880 451 ἔπος
908 396 1206 466 τετελεσμένον
1233 400 1326 454 εἴη]

206 475 264 514 τῳ
296 473 344 500 κε
375 457 483 527 τάχα
511 459 662 527 γνοίης
691 455 902 512 φιλότητά
929 471 996 504 τε,
1024 453 1165 499 πολλοὶ
1192 468 1237 496 τε
1267 456 1402 510 δῶρα,

206 502 250 567 ἐξ
278 513 400 569 ἐμεῦ,
432 511 492 565 ὥς
522 513 577 557 ἄν
604 516 668 566 τίς
698 525 745 557 σε
774 512 1095 568 συναντόμενος
1123 511 1365 566 μακαρίζοι
1379 517 1404 538 “

254 625 411 660 Piraeum
436 626 660 661 Telemachus
692 626 879 672 supplicem
904 626 1068 670 Argivum
1100 622 1249 669 hospitio
1281 623 1439 667 accipere
1466 626 1565 669 jubet
1597 630 1678 662 tan-

174 672 282 718 tisper
305 673 382 707 dum
405 671 480 718 ipse
501 673 535 706 in
558 674 673 707 urbem
697 674 838 715 redeat3
862 673 980 718 itaque
1003 672 1047 706 ad
1071 671 1255 705 Eumaeum
1279 669 1520 713 proficiscitur.

279 753 355 803 H,
385 751 457 795 καὶ
490 752 702 806 Πείραιον
735 749 1048 822 προσεφώνεε,
1066 746 1223 792 πιστόν
1250 745 1449 801 ἑταῖρον·

92 809 175 854 540
203 812 223 832 *
247 809 462 861 ,,Πείραιε
491 810 702 879 Κλυτίδη,
733 807 787 851 σύ
818 807 865 850 δέ
892 823 976 876 μοι
996 805 1127 857 τάπερ
1158 802 1268 848 α’λλα
1297 803 1483 857 μάλιστα

203 866 336 920 πείθῃ
367 864 485 920 ἐμῶν
513 864 697 918 ἑτάρων,
727 865 775 907 οῖ’
798 880 874 933 μοι
905 861 1058 906 Πύλον
1090 862 1150 912 εἰς
1179 859 1257 916 ἅμ’
1288 860 1468 904 ἕποντο·

202 921 277 963 καὶ
305 923 391 963 νῦν
418 937 493 975 μοι
521 920 598 962 τὸν
627 921 769 971 ξεῖνον
792 918 918 989 ἄγων
948 920 995 963 ἐν
1028 917 1196 989 δώμασι
1226 921 1369 960 σοῖσιν

204 976 418 1026 ἐνδυκέως
430 976 610 1047 φιλέειν
637 976 711 1019 καὶ
740 975 907 1030 τιέμεν,
937 975 1103 1019 εἰσόκεν
1134 974 1260 1017 ἔλθω.
1276 978 1302 999 “

282 1032 371 1074 T6v
400 1030 441 1075 δ’
473 1036 530 1075 αὐ
565 1034 772 1086 Πείραιος
801 1032 1086 1085 δουρικλυτὸς
1115 1028 1266 1074 ἀντίον
1294 1029 1429 1099 ηὔδα·

91 1090 173 1135 545
202 1122 227 1143 ,,
242 1086 485 1158 Τηλέμαχ,’,

516 1089 554 1131 εἰ
582 1105 683 1156 γαρ-
694 1104 770 1131 κεν
800 1087 855 1131 σύ
885 1088 1030 1132 πολυν
1056 1086 1220 1158 χρόνον
1249 1086 1409 1130 ἐνθάδε
1438 1087 1628 1144 μίμνοις,

200 1144 329 1188 τόνδε
356 1141 396 1187 τ’
427 1142 509 1199 ἐγώ
542 1147 706 1216 κομιῶ,
736 1145 886 1197 ξενίων
917 1144 963 1187 δέ
993 1145 1037 1187 οἱ
1066 1141 1120 1186 οὐ
1151 1142 1270 1213 ποθή
1302 1143 1459 1187 ἔσται.“

267 1199 351 1250 Ὠς
380 1200 512 1243 εἰπών
541 1200 610 1243 ἐπὶ
639 1199 744 1256 νηός
769 1200 877 1270 ἔβη,
907 1199 1100 1243 ἐκέλευσε
1131 1197 1175 1243 δ’
1206 1198 1407 1254 ἑταίρους

201 1255 368 1307 αὐτούς
395 1255 437 1299 τ’
470 1255 723 1312 αμβαίνειν,
752 1273 837 1299 ανα
867 1272 911 1300 τε
940 1254 1195 1312 πρυμνήσια
1224 1258 1378 1300 λῦσαι·

205 1326 250 1368 οἱ
285 1321 331 1368 δ’
370 1321 466 1376 αἶψ’
498 1326 742 1395 εἴσβαινον,
772 1324 846 1368 καὶ
875 1324 943 1368 ἐπὶ
971 1318 1114 1381 κληῗσι
1142 1324 1338 1394 κᾴθιζον.

91 1385 174 1427 550
209 1380 465 1452 Tnst5uaxpg,
485 1379 527 1424 6’
557 1381 643 1425 ὑπὸ
675 1382 835 1424 ποσσὶν
849 1380 1047 1451 ἐδήσατο
1077 1380 1189 1424 καλοὶ
1217 1381 1384 1432 πέδιλα,

204 1440 340 1482 είλετο
371 1435 413 1481 δ’
446 1435 631 1494 ἄλκιμον
659 1438 802 1495 ἔγχος,
834 1435 1081 1494 ἀκαχμένον
1112 1436 1203 1490 ὀξέι·
1227 1441 1386 1495 χαλκῷ,

31 1596 98 1619 non
121 1584 238 1639 inepte
260 1583 312 1617 Ε·
345 1596 418 1628 ορα
443 1582 483 1620 65
506 1583 589 1625 καὶ,
612 1583 743 1629 inquit,
779 1582 838 1620 ι’ἶτι

33 1629 241 1675 δυνάμενος
270 1630 386 1666 εἰπεῖν
418 1629 458 1666 ἐν
490 1630 637 1670 τούτοις
667 1630 838 1687 γένους

32 1679 144 1725 βασ.,
167 1676 340 1735 γένευς
351 1675 429 1712 εἶπε
449 1677 749 1733 ποιητικώτερον,
773 1675 837 1712 διοὶ

31 1726 144 1759 πλείω
171 1725 298 1768 φωνῆς
320 1721 441 1768 ὄγκον.
488 1723 600 1757 idem:
630 1722 671 1757 τὸ
698 1721 738 1758 δὲ
761 1725 838 1769 βα·

33 1768 334 1813 σιλευτερον,
366 1771 601 1814 συγκριτικῶς
633 1770 716 1825 (per
747 1781 839 1803 com-

33 1817 269 1872 parationem)
291 1815 440 1859 λεχθὲν,
466 1816 593 1872 δηλοῖ,
617 1813 668 1854 ὡς
690 1815 751 1850 καὶ
777 1814 839 1849 ἄλ-

35 1866 94 1898 λοι
125 1861 190 1918 μέν
215 1863 284 1898 εἰσι
313 1863 473 1917 βασιλεῖς
495 1861 534 1896 ἐν
556 1859 704 1916 Ἰθάκῃ,
735 1858 839 1896 καθά

34 1922 110 1945 που
134 1906 206 1953 (α’,
230 1908 318 1951 394)
348 1909 411 1943 καὶ
442 1905 461 1942 ὁ
494 1906 710 1963 Τηλέμαχος
729 1905 840 1949 εἶπεν,

36 1955 145 2012 όμως
158 1952 198 1989 65
222 1953 372 1989 πάντων
391 1954 647 2001 βασιλεύτερον
671 1951 712 1989 τὸ
737 1954 841 1997 γένος

34 2004 105 2038 τοῦ
135 1999 354 2040 Ὀδυσσέως.
483 1997 840 2054 βασιλευτερον.

35 2050 74 2083 ll.
100 2047 136 2089 ι’,
162 2050 247 2088 160,
271 2047 361 2090 392,
385 2044 431 2087 κ’,
454 2047 532 2081 239.
580 2045 841 2102 βασιλεύτατον

34 2095 165 2130 Nestor
188 2091 273 2126 dicit
293 2094 573 2137 Agamemnonem
598 2093 636 2126 Il
663 2091 698 2133 ι’,
720 2094 778 2127 69.
798 2111 841 2118 —-

36 2143 111 2176 Am.
138 2140 207 2180 Q·
242 2138 472 2183 καρτεροὶ
498 2139 610 2173 αἰεί.
650 2137 842 2194 ἐγκρατεῖς,

36 2183 79 2222 τὰ
104 2184 245 2241 κράτος
255 2185 377 2228 ἔχοντε
381 2198 408 2226 ς.
448 2186 510 2219 καὶ
535 2184 663 2228 (malim
683 2182 749 2228 ὠς)
769 2184 842 2228 Ἀρ-

37 2235 197 2289 χίλοχος,
230 2228 250 2266 ὁ
280 2231 433 2275 Ἀσίης
457 2229 687 2274 κρατερός
709 2234 842 2274 μηλο-

38 2278 238 2322 τρόφου.
270 2281 365 2311 recte
385 2278 435 2311 E:
459 2275 702 2330 ’‘avj-5959,
727 2277 841 2310 Schol.

39 2325 181 2382 Eurip.
184 2322 276 2357 Med.
301 2323 380 2358 703.
401 2324 517 2367 (708)
542 2323 575 2355 in
596 2323 693 2356 codd.
728 2323 842 2357 Flor.·

42 2386 62 2408 ο
98 2373 120 2406 δ
170 2369 301 2413 Ἀσίη.
354 2369 558 2402 scribamus.
601 2367 621 2402 6
658 2366 699 2403 δ’
728 2368 845 2413 Ἀσίης

38 2414 218 2462 καρτερὸς
231 2417 315 2458 μηλ.
347 2415 502 2448 senarius
527 2412 722 2458 ἀκέφαλος.
768 2426 844 2459 per-

39 2475 156 2522 peram
181 2460 397 2494 Scholiastae
426 2460 475 2493 illi
508 2460 542 2494 in
574 2460 721 2504 vulgatis
745 2461 844 2494 edd.:

39 2510 64 2555 ἡ
89 2508 129 2546 δ’
147 2506 241 2565 Ἀσίη
257 2518 295 2542 τε
313 2519 416 2562 καρτ.
435 2509 529 2550 μηλ.,
554 2517 616 2540 nec
637 2508 721 2540 bene
741 2506 845 2539 Butt-

41 2568 153 2592 mann.
190 2552 210 2589 ὁ
243 2550 282 2587 δ’
313 2549 425 2597 Ἀσίης
448 2565 485 2587 τε
512 2565 544 2586 κ.
577 2564 603 2594 μ
627 2578 638 2595 ,
674 2563 747 2586 cum
783 2563 845 2585 nec

40 2604 118 2649 ipse
141 2602 339 2658 reputaret,
364 2597 491 2643 corripi
517 2597 656 2643 primam
682 2598 846 2653 syllabam

42 2647 140 2682 verbi
169 2645 293 2701 Ἀσίης.
340 2644 526 2687 Aeschylus
558 2643 655 2677 Pers.
692 2644 767 2678 55.=
804 2641 845 2677 τό

42 2691 329 2738 μαχαιροφόρον
351 2688 385 2724 τ’
407 2688 519 2730 ἐθνος
535 2687 574 2724 ἐκ
583 2688 714 2745 πάσης
732 2686 848 2729 Ἀσίας

42 2739 169 2776 ἕπεται
193 2739 343 2776 Δειναῖς
368 2735 541 2780 βασιλέως
571 2733 644 2770 υπό
669 2737 845 2777 πομπαῖς.

44 2787 145 2822 Scin:
170 2796 297 2825 καρτ.
321 2783 432 2817 αἰεί.
459 2779 705 2823 δεσπόζοντες,
720 2779 848 2826 ἐγκρα-

43 2836 128 2874 τεῖς.
175 2829 324 2866 ἐλλείπει
348 2825 388 2863 δὲ
410 2826 452 2862 τό
479 2826 656 2862 5'.⁶5⁶8·5

88 2925 208 2960 536-
218 2922 297 2958 538.
346 2917 534 2975 ιζ’-,163
547 2919 634 2957 165,
657 2915 700 2957 τ,
722 2917 850 2951 309-

41 2971 122 3006 311.
158 2966 513 3011 συναντόμενος
537 2964 593 3008 (ΙΙ.
615 2961 728 3008 η’,22
750 2962 851 3006 etc.),

883 1597 1060 1620 occurrens
1082 1584 1165 1626 tibi,
1190 1587 1295 1630 teque
1311 1581 1492 1628 splendide
1515 1595 1534 1618 a
1555 1595 1606 1618 me
1628 1584 1690 1618 do·

883 1638 994 1666 natum
1019 1632 1151 1666 videns.
1171 1650 1217 1656 —
1251 1643 1277 1675 μ
1287 1642 1310 1664 α
1320 1643 1341 1665 κ
1351 1643 1375 1664 α
1384 1643 1405 1676 ρ
1415 1631 1481 1671 ίζο
1494 1643 1507 1665 ι
1517 1655 1527 1671 ,
1553 1631 1689 1665 beatum

881 1679 1114 1723 praedicaret.

930 1746 1008 1781 540.
1056 1746 1177 1780 Harl.=
1217 1742 1306 1779 τάπ
1318 1755 1334 1778 ε
1346 1755 1367 1784 ρ
1403 1740 1454 1778 ἄλ
1466 1745 1484 1777 λ
1495 1755 1529 1777 α.
1571 1740 1690 1784 οὕτως

885 1792 1117 1826 Aristarchus.
1154 1802 1236 1835 ergo
1257 1790 1315 1824 alii
1333 1789 1424 1823 aliud
1443 1789 1498 1822 hic
1516 1790 1690 1834 legerunt,

885 1839 975 1882 quod
989 1838 1146 1882 quidnam
1158 1837 1274 1876 fuerit,
1291 1835 1577 1890 investigandum.
1600 1835 1689 1869 haud

885 1885 971 1918 male
996 1885 1129 1928 quidem
1150 1883 1292 1916 baberet
1311 1895 1358 1916 τα
1380 1893 1417 1916 τε
1437 1878 1527 1916 αλλα
1551 1879 1610 1924 (ε,
1630 1884 1688 1922 29,

886 1929 938 1973 ρ,
964 1930 1073 1972 273),
1108 1929 1161 1963 vel
1185 1942 1232 1963 τα
1255 1942 1275 1963 τ
1284 1925 1354 1968 ’ἐς
1378 1925 1470 1962 αλλα
1492 1927 1630 1971 (Viget.
1657 1939 1691 1972 p.

886 1977 941 2011 75.
967 1980 1002 2009 et
1025 1975 1147 2018 722.,)
1171 1974 1201 2007 h
1225 1987 1255 2010 e.
1280 1979 1312 2008 et
1338 1975 1417 2007 aliis
1441 1975 1477 2006 in
1501 1975 1610 2014 rebus,
1635 1985 1692 2006 re-

886 2021 1130 2067 spondentibus
1163 2020 1227 2053 sibi
1260 2019 1297 2054 τὲ
1335 2025 1371 2053 et
1403 2019 1465 2054 καὶ
1498 1998 1691 2064 particulis,

888 2068 1116 2102 concinnitate
1140 2066 1285 2120 quadam
1310 2066 1491 2099 Homerica
1523 2071 1559 2098 et
1589 2075 1692 2109 grae-

887 2124 948 2147 ca
939 2137 949 2154 ‚
975 2118 1200 2165 poterantque
1217 2111 1274 2145 illa
1287 2111 1389 2146 facile
1407 2110 1591 2155 depravari
1610 2122 1692 2155 pro-

887 2166 964 2205 pter
987 2157 1238 2191 similitudinem
1261 2170 1288 2191 π
1313 2163 1348 2190 et
1370 2169 1413 2197 τ,
1437 2157 1586 2201 itemque
1611 2168 1632 2200 ρ
1656 2162 1692 2190 et

887 2216 927 2246 σ,
960 2204 1145 2237 litterarum
1179 2204 1213 2236 in
1246 2203 1360 2237 multis
1396 2202 1583 2237 codicibus.
1631 2213 1694 2236 nec

887 2251 1022 2294 inepte,
1049 2250 1102 2283 cui
1127 2250 1279 2293 placeret
1301 2247 1348 2283 τά
1370 2246 1407 2282 τ’
1432 2247 1468 2288 ἐς
1492 2245 1592 2291 ἄλλα,
1617 2253 1695 2281 ute-

889 2302 987 2330 retur
1010 2295 1182 2339 scriptura
1205 2295 1283 2328 libri
1307 2297 1349 2329 A.
1376 2297 1406 2330 1.
1439 2293 1572 2337 πάτερ,
1602 2293 1694 2351 quod

890 2342 997 2375 fuisse
1021 2342 1180 2375 videatur
1203 2340 1333 2386 τάτερ,
1363 2352 1488 2381 τατες,
1513 2339 1559 2375 τοὶ
1583 2353 1603 2373 τ
1644 2338 1692 2380 ἐς.

891 2389 952 2422 sed
984 2387 1069 2421 haec
1093 2387 1225 2420 incerta
1248 2392 1348 2428 sunt,
1381 2392 1603 2441 possuntque
1612 2396 1695 2418 sane

892 2433 975 2467 ferri
996 2434 1145 2476 vulgat-a.
1184 2432 1340 2466 similiter
1360 2430 1401 2475 ψ
1402 2457 1412 2474 ,
1431 2434 1528 2467 209³
1552 2428 1603 2476 μή
1619 2442 1694 2472 μοι,

890 2477 1094 2519 Ὀδυσσεῦ,
1135 2478 1289 2521 σκύζευ,
1320 2477 1396 2513 ἐπεὶ
1423 2476 1469 2513 τά
1501 2490 1569 2518 περ
1605 2476 1696 2511 αλλα

890 2523 1047 2569 μάλιστα
1075 2522 1299 2580 Ἀνθριόπων
1329 2522 1511 2565 πέπνυσο,
1544 2523 1630 2558 θεοὶ
1652 2521 1694 2558 δ’

891 2571 1040 2612 ὤπαζον
1066 2567 1178 2613 ὀϊζύν.

930 2639 1018 2694 54⁵:
1064 2639 1167 2674 Sch..
1203 2636 1394 2674 ἐνθάδε.
1437 2634 1520 2673 αντὶ
1543 2637 1612 2672 τοῦ
1636 2635 1696 2672 ἐπὶ,
1733 2653 1741 2662 ·

891 2686 967 2722 τῶν
992 2683 1126 2729 ἀγρῶν.
1165 2696 1198 2717 v.
1222 2686 1302 2720 503.

941 2752 1019 2789 546.
1055 2750 1316 2793 (31..,,το’νδε
1341 2748 1382 2785 δ’
1401 2748 1448 2795 ἐγ
1455 2748 1495 2785 ω’.
1531 2750 1583 2784 Al
1599 2762 1609 2784 =
1633 2749 1699 2786 τὸν

893 2796 932 2834 δ’
960 2797 1014 2834 ἐ”τ
1039 2796 1077 2841 ἐγ
1082 2797 1122 2831 ω’.
1133 2800 1158 2817 “
1206 2798 1293 2831 bene
1322 2797 1389 2830 W.
1421 2763 1533 2832 τόνδε
1557 2795 1595 2830 τ’
1617 2794 1697 2840 ἐγώ.

893 2843 1070 2879 τὲ-δὲ
1094 2848 1222 2883 —‚ut
1245 2843 1284 2875 ll.
1307 2841 1345 2884 ε’,
1365 2844 1444 2879 359.
1472 2843 1698 2886 -κομιαῑ,

894 2891 1030 2925 curabo.
1069 2901 1115 2931 α,
1139 2888 1208 2924 356
1231 2894 1296 2922 etc.

942 2956 1009 2994 547
1020 2976 1063 2982 --
1072 2955 1153 2992 549.
1200 2953 1234 2998 ι’,
1260 2957 1381 3044 lig—*-
1394 2956 1459 2991 179
1484 2960 1553 2990 etc.
