1856 3282
111 163 167 202 22

743 151 1144 195 ΟΜΗΡΟΥ

279 265 367 320 παρ
403 263 445 308 δ’
477 263 608 315 αὐτὸς
637 261 823 318 κλισμὸν
853 260 955 304 θέτο
985 259 1211 308 ποικίλον,
1241 259 1424 302 έκτοθεν
1452 255 1598 301 α’λλων

280 320 560 391 μνηστήρων,
592 321 650 375 μὴ
683 322 819 372 ξεῖνος
849 317 1049 372 ἀνιηθεὶς
1078 314 1314 382 ὀρυμαγδῷ

281 380 441 435 δείπνῳ
471 377 687 447 ἁδήσειεν,
723 373 1036 445 ὑπερφιάλοισι
1065 360 1301 426 μετελθών,

171 438 250 482 135
280 433 353 490 ἠδ’
386 436 459 478 ι’να
488 450 564 489 μιν
593 433 692 486 περὶ
721 433 886 486 πατρὸς
916 428 1227 484 ἀποιχομένοιο
1259 428 1413 479 ἔροιτο.

281 491 462 547 χέρνιβα
490 490 534 534 δ’
566 488 840 556 ἀμφίπολος

844 485 1020 542 προχόῳ
1051 485 1220 539 ἐπέχευε
1250 482 1450 539 φέρουσα

279 551 415 604 καλῇ,
446 548 662 615 χρυσείῃ,
677 561 786 597 υπερ
817 541 1056 597 ἀργυρέοιο
1086 542 1274 610 λέβητος,

280 607 517 655 νίψασθαι·
549 601 669 656 παρὰ
695 601 741 644 δὲ
771 601 919 655 ξεστὴν
951 599 1157 642 ἐτάνυσσε
1185 596 1411 651 τράπεζαν
1631 629 1637 648 Ι

280 665 402 704 σῖτον
432 659 477 704 δ’
511 660 657 731 αἰδοίη
686 660 818 713 ταμίη
846 655 1069 710 παρέθηκε
1099 654 1312 721 φέρουσα,

172 720 255 763 140
285 719 435 760 εἴδατα
464 714 593 759 πόλλ’
625 715 847 765 ἐπιθεῖσα,
879 712 1137 768 χαριζομένη
1167 708 1447 780 παρεόντων·

283 773 461 827 δαιτρὸς
491 772 536 816 δὲ
565 776 725 826 κρειῶν
755 772 943 820 πίνακας
973 770 1225 823 παρέθηκεν
1255 764 1402 819 ἀείρας

286 831 528 881 παντοίων,
557 828 676 883 παρὰ
706 827 753 872 δέ
784 839 863 883 σφι
892 829 1006 871 τίθει
1036 824 1214 882 χρύσεια
1246 822 1459 867 κύπελλα·

112 975 326 1018 κλισμόν.
364 976 520 1020 δίφρον,
561 974 759 1011 ἆνοῖκλιτον
795 972 927 1018 ἔχοντα

111 1022 316 1079 καθέδραν.
348 1022 472 1066 vulgo,
499 1031 606 1067 prava
629 1020 924 1066 interpunctione.

114 1070 254 1113 δίφρον
278 1067 336 1103 ἄν.
364 1067 515 1123 ἔχοντα,
540 1070 630 1102 καθ.
662 1070 735 1102 Α111.
761 1067 793 1100 Ε
819 1071 854 1100 et
879 1066 926 1107 Q,

113 1120 150 1149 et
174 1116 220 1156 H,
245 1126 265 1148 a
291 1116 506 1149 correctione
530 1114 740 1154 Buttmanni,
763 1112 807 1146 ad
828 1113 926 1147 145³

112 1160 257 1203 κλισμοὶ
288 1160 354 1204 μέν
385 1162 475 1195 εἰσιν
506 1159 542 1194 οὶ
562 1160 717 1215 Ηὲχοντες
751 1160 926 1215 κλιντῆρα

112 1206 303 1264 ἐξέχοντα,
328 1206 420 1248 πρὸς
439 1205 517 1261 τὴν
523 1219 598 1240 των
621 1205 731 1249 ὤμων
754 1203 927 1238 ἀνάπαυ-

114 1265 183 1288 σιν.
233 1250 272 1287 ἐν
308 1252 439 1293 αὐτοῖς
472 1250 541 1296 γαρ
577 1251 678 1294 έπέρέ
666 1253 805 1286 ίδονσι
837 1249 926 1291 τούς

115 1298 242 1344 ὤμους
266 1298 300 1335 οἱ
315 1297 543 1353 καθήμενοι.
589 1298 625 1333 οἱ
650 1296 689 1332 δέ
712 1294 762 1340 μὴ
785 1295 927 1349 ἒ’,χοντες

113 1347 234 1380 ταῦτα
251 1342 397 1400 θρόννοι.
445 1345 498 1377 Ε.
523 1340 580 1380 ότι
603 1346 753 1387 κλισμὸς
773 1341 871 1383 εἶδός
891 1355 927 1376 τι

112 1390 278 1447 θρόνου,
321 1388 410 1435 ὅπερ
444 1390 506 1425 καὶ
542 1389 785 1430 ανάκλιντρον
823 1387 927 1431 παρὰ

113 1442 194 1479 τοῖς
222 1434 377 1481 ὕστερον
403 1435 554 1493 λέγεται.
602 1448 636 1470 v.
668 1435 848 1469 Vinoison.
883 1435 928 1468 ad

114 1486 181 1530 Ap.
219 1495 253 1517 v.
287 1481 437 1527 κλισμὸς
471 1488 507 1515 et
530 1481 739 1516 31111.3(111.
765 1478 818 1522 θ’,
844 1480 924 1515 435.

114 1549 161 1556 -
183 1531 436 1570 ποικίλον,
460 1529 757 1584 affabrefactum.
805 1527 927 1561 Voss.:

116 1577 183 1610 den
202 1576 502 1630 schb'ngebildeten
518 1576 631 1608 sessel.
649 1592 692 1598 —-
722 1572 928 1607 ἔκτοθεν

115 1619 267 1658 ἄλλων
291 1619 597 1665 μνηστήρων,
620 1630 770 1653 seorsum
786 1620 829 1652 ab
846 1619 927 1652 aliis

113 1669 240 1714 procis,
263 1669 297 1701 h.
318 1680 347 1701 e.
370 1669 413 1700 ab
431 1667 520 1707 aliis,
543 1666 602 1710 qui
623 1666 682 1699 alii
702 1670 802 1699 erant
821 1664 928 1709 proci.

115 1714 385 1754 πλεοναστικῶς
405 1712 492 1746 dixit
521 1711 664 1752 ἄλλων,
689 1717 727 1744 ut
751 1711 928 1754 Aristoph.

117 1760 250 1794 Eccles.
275 1761 376 1796 586.-
401 1758 484 1800 περὶ
510 1757 576 1801 μὲν
599 1758 728 1792 τοίνυν
753 1758 822 1791 τοῦ
847 1769 929 1790 και-

116 1809 290 1862 νοτομεῖν
325 1805 375 1850 μή
408 1806 551 1849 δείσῃς·
592 1806 705 1838 τοῦτο
737 1817 809 1848 γαρ
841 1799 931 1847 ἡμῖν

118 1854 223 1899 Δρᾷν
247 1850 330 1886 αντ’
353 1851 464 1906 ἄλλης
485 1851 612 1910 ἀρχῆς
616 1850 735 1890 ἐστιν,
761 1850 794 1882 11.
821 1861 850 1882 e.
875 1848 930 1882 in-

119 1904 276 1944 terprete
300 1895 523 1933 801101.α’ντὶ
546 1898 612 1932 τοῦ
636 1895 761 1938 ἄρχειν
785 1894 826 1929 τὸ
847 1907 931 1928 και-

118 1948 314 1988 νοτομεῖν,
352 1948 387 1977 et
421 1944 543 1987 Eurip.
568 1943 661 1976 Med.
686 1944 785 1977 281.·
821 1940 932 1995 χωρὶς

118 1989 188 2037 γὰρ
211 1990 320 2035 ἄλλης
338 1985 381 2034 ἧς
400 1988 544 2034 ἔχουσιν
561 1987 710 2033 αργίας,
736 1987 794 2021 ubi
819 1998 852 2020 v.
878 1987 932 2020 in-

119 2043 234 2083 terpp.
269 2058 314 2063 -
350 2035 593 2076 ἀνιηθείς.
630 2034 672 2079 γ’,
700 2035 787 2073 117,
818 2032 860 2066 ΙΙ.
885 2031 932 2078 β,

120 2085 201 2120 291.
252 2083 351 2123 „lex
378 2083 524 2116 Bekker.
550 2093 585 2125 p.
611 2081 712 2115 405³
748 2074 930 2123 ἀνιαθεὶς,

120 2129 312 2172 λυπηθείς.
317 2129 398 2161 “.Β
417 2125 749 2182 -όρνμαγδῷ,
768 2127 932 2160 tumultu.

122 2174 158 2217 ι’,
182 2176 263 2214 235,
289 2174 329 2207 ΙΙ.
357 2171 402 2220 β,
428 2176 496 2209 810
520 2179 588 2207 etc.
612 2169 933 2228 -ἄδησειεν,

121 2222 240 2257 taedt'o
268 2216 934 2263 afficiatur·vulgo·oc66116etsv,ut

123 2265 348 2325 οἶδδηκότες
364 2267 403 2299 ΙΙ.
430 2264 474 2307 κ’,
501 2265 678 2306 98.,111)ἰ
712 2276 745 2298 v.
770 2276 848 2297 ann.
887 2282 933 2288 —

123 2311 147 2349 ὑ
159 2327 186 2348 π
200 2325 215 2348 ε
229 2325 248 2355 ρ
262 2326 289 2356 φ
300 2326 312 2346 ι
326 2325 348 2346 α
363 2315 381 2346 λ
395 2325 413 2346 ο
427 2325 439 2346 ι
451 2323 471 2345 6
486 2325 518 2353 ι,
544 2311 788 2354 insolentibus,
813 2321 935 2355 super-

123 2360 188 2394 bis.
225 2357 270 2402 β’,
294 2360 374 2400 310,
398 2358 438 2393 ΙΙ.
460 2355 504 2401 γ’,
534 2360 598 2393 106
623 2363 688 2391 etc.

173 2406 282 2439 136-
289 2405 364 2438 140.
413 2404 507 2437 dicta
532 2415 574 2436 ex
597 2403 762 2442 formula,
794 2405 833 2435 ut
864 2412 935 2435 mo-

125 2450 174 2485 ris
199 2455 252 2484 est
277 2454 400 2494 pomae
425 2449 460 2482 in
486 2450 593 2486 rebus.
612 2449 825 2486 solennibus,
848 2458 935 2492 quas

125 2497 244 2530 eodem
280 2497 354 2529 fere
387 2496 485 2529 modo
523 2495 624 2535 dicit,
667 2507 730 2528 nec
771 2494 936 2527 affectate

125 2542 240 2575 variat
265 2543 382 2575 verba.
432 2541 480 2574 cs.
505 2539 550 2581 δ’,
577 2543 661 2576 52-
669 2542 726 2581 56,
751 2538 798 2583 η’,
826 2541 937 2573 172-

128 2588 207 2628 176,
233 2586 275 2630 ρ’,
295 2590 382 2622 91-
387 2588 432 2622 95
457 2592 521 2620 etc.
548 2586 591 2620 de
615 2586 739 2620 ritibus
764 2585 939 2619 convivio-
975 2586 991 2599 ’'

127 2645 202 2667 rum
238 2633 398 2678 exposuit
433 2633 545 2667 Feith.
570 2635 604 2675 3,
630 2634 663 2667 5.
696 2653 741 2658 —
785 2627 937 2674 οἷμφί-

126 2682 297 2719 πολος.
333 2681 411 2720 339,
445 2678 491 2720 δ’,
529 2681 586 2718 52,
627 2679 665 2712 11.
685 2676 743 2733 γ’,
772 2679 836 2712 143
871 2681 938 2711 etc.

129 2727 216 2782 Ap*
242 2723 465 2769 ἀμφίπολος.
499 2723 522 2768 ἡ
548 2725 630 2768 περὶ
651 2722 736 2779 τὴν
739 2724 938 2759 δέσποιναν

129 2770 413 2822 ἆναπολουμένη
451 2770 689 2815 θεράπαινα,
722 2768 811 2813 Eme
840 2768 938 2826 ἐστιν

128 2817 445 2873 ἀναστρεφομένη.
494 2837 537 2842 -
584 2819 687 2851 Sch.:
725 2815 938 2873 προχόῳ.

130 2861 261 2921 ἀγγείῳ
298 2877 527 2907 προχυτικῳ,
564 2860 638 2898 ἀπὸ
677 2863 745 2898 τοῦ
777 2863 869 2907 χέειν
894 2861 936 2899 τὸ

128 2907 253 2952 ὕδωρ,
277 2912 329 2956 τῷ
348 2908 441 2945 καθ’
466 2910 560 2953 ἡμᾶς
579 2909 694 2956 ξέστῃ.
731 2909 842 2942 Idem:
866 2910 936 2944 λέ-

130 2958 187 3002 βη
197 2969 287 2995 τος.
324 2959 392 2992 τοῦ
424 2956 516 2991 καθ’
549 2959 648 3000 ημᾶς
674 2956 853 3000 χερνιᾝβου
902 2968 936 2990 ν.

131 2970 187 3038 ΙΙῖη
206 3002 257 3044 ω’,
289 3004 369 3038 304.
407 3008 442 3037 et
475 3004 578 3037 Schn.
613 3016 646 3036 v.
679 3002 860 3049 χέρνιβον.
893 3019 937 3028 ·-

970 974 1047 1007 Α111.
1082 973 1116 1007 Ε
1141 974 1177 1006 et
1202 972 1262 1012 Q:
1300 970 1559 1013 νίψασθαι.
1599 964 1671 1011 πρὸ
1704 980 1779 1002 των

971 1017 1178 1075 βρωμάτων
1209 1017 1422 1058 ἐνιπτοντο,
1461 1017 1525 1051 ΐια
1551 1012 1691 1071 5601269
1719 1014 1779 1049 ἐπὶ

971 1064 1038 1105 τοὶς
1063 1063 1227 1104 σπονδας
1255 1061 1409 1098 ἔλθωσι·
1441 1075 1532 1106 μετα
1558 1060 1599 1096 δὲ
1629 1059 1780 1105 ἄριστον

973 1108 1096 1147 ουκέτι
1113 1118 1178 1145 etc.
1202 1127 1248 1135 —-·
1271 1107 1507 1144 ἐτάνυσσε
1530 1107 1780 1151 τράπεζαν,

973 1159 1125 1192 eaetendit
1152 1168 1326 1198 mensam,
1358 1156 1392 1189 h.
1417 1168 1447 1188 e.
1472 1160 1649 1189 extensam
1673 1167 1782 1200 appo-

972 1205 1066 1246 suit3
1099 1210 1180 1237 sunt
1212 1207 1323 1236 autem
1356 1213 1490 1235 mensae
1523 1212 1637 1235 omnes
1663 1207 1783 1235 exten-

969 1262 1039 1284 sae.
1089 1248 1224 1294 ροόῐίοο
1258 1248 1430 1291 loquitur,
1469 1258 1532 1281 nec
1556 1248 1783 1292 cogitandum

972 1301 1025 1329 est
1060 1295 1102 1328 de
1135 1305 1249 1330 mensa
1283 1293 1448 1337 plicatili,
1485 1293 1642 1336 qualibus
1682 1294 1784 1328 hodie

972 1347 1125 1375 utuntur.
1173 1340 1281 1373 minus
1314 1338 1539 1395 probabiliter
1563 1341 1618 1386 Ez.
1650 1352 1784 1385 τραπε-

972 1389 1039 1429 ζαν
1072 1384 1282 1421 τανύεσθαι
1311 1384 1426 1420 εἰπων
1457 1382 1650 1429 ἐμφαίνει,
1671 1386 1784 1430 μήπω

973 1435 1200 1475 κυκλοτερεῖς
1245 1429 1343 1466 εἶναι
1377 1429 1460 1466 τότε
1495 1431 1562 1472 τας
1593 1433 1785 1475 τραπέζας,

974 1478 1063 1535 qimai
1078 1476 1348 1520 τετανυσμένας
1362 1478 1415 1517 εἰς
1431 1478 1559 1521 μῆκος.
1609 1479 1696 1520 ἴσως
1714 1492 1786 1523 γαρ
1833 1498 1836 1512 ι

973 1522 1130 1569 ν’στερον
1174 1522 1437 1567 ἐπενοήθησαν
1481 1524 1520 1558 αἱ
1562 1527 1788 1566 κυκλοειδεῖς

975 1571 1038 1607 διά
1061 1584 1099 1607 τε
1127 1570 1196 1614 τήν
1221 1568 1498 1613 ἀνυπέρβλητον
1527 1570 1697 1615 ἰσότητα,
1723 1573 1787 1608 καὶ

973 1617 1070 1663 πρὸς
1093 1615 1294 1660 ὁμοιότητα
1322 1617 1388 1660 τῆς
1413 1618 1663 1661 τροφοφόρου
1691 1616 1787 1654 ἅλω-

974 1678 1039 1705 νος
1072 1663 1271 1706 (molaris).
1304 1682 1348 1687 —
1379 1663 1545 1707 ταμίη,
1576 1676 1712 1707 proma.
1745 1665 1787 1702 ΙΙ.

974 1711 1014 1754 ζ’,
1050 1712 1130 1746 381.
1169 1729 1213 1734 -
1257 1709 1310 1742 Η.
1344 1709 1527 1744 εἷᾘδατα
1558 1711 1621 1745 καὶ
1647 1713 1789 1756 γίνεται

975 1757 1048 1792 απὸ
1070 1757 1139 1790 τοῦ
1162 1754 1232 1789 ἔδω
1253 1754 1294 1790 τὸ
1315 1753 1430 1789 ἐσθίω
1453 1754 1559 1799 έδας,
1584 1757 1626 1792 τό
1650 1757 1787 1801 ἑνικὸν,

975 1804 1037 1839 καὶ
1054 1804 1272 1857 πλεονασμῷ
1289 1802 1357 1835 τοῦ
1379 1802 1472 1836 ἰωτα
1492 1801 1605 1845 εἶδας,
1630 1802 1672 1839 τό
1694 1808 1786 1851 πλη-

975 1847 1158 1885 θυντικὸν
1178 1848 1223 1882 τὰ
1242 1836 1382 1884 {wara
1417 1859 1541 1882 vereor
1564 1861 1607 1883 ne
1630 1851 1787 1885 scriben-

976 1897 1055 1930 dum
1086 1895 1131 1929 sit
1161 1893 1271 1950 ἔδαρ,
1303 1892 1419 1937 εἶδαρ.
1467 1899 1563 1929 certe
1595 1896 1662 1931 hoc
1684 1901 1789 1942 po'eta.

977 1942 1156 1986 usurpavit
1189 1940 1230 1984 λ,
1255 1942 1340 1982 122,
1372 1941 1414 1974 ΙΙ.
1442 1939 1481 1984 ε’,
1503 1942 1586 1976 369.
1622 1949 1657 1976 et
1688 1943 1788 1978 alias.

977 2008 1020 2014 —
1047 1989 1150 2021 Sch..
1174 1988 1322 2045 χαριζ.
1347 1984 1639 2032 παρεόντων.
1657 1987 1793 2024 ἐκτῶν
1831 1979 1834 2001 ⁵

975 2032 1194 2075 παρεόντων
1217 2032 1449 2068 ἐπιδιδονσα.

1027 2080 1110 2121 141,
1145 2080 1223 2116 142.
1271 2080 1347 2114 10111
1366 2080 1469 2123 jubet
1494 2080 1581 2114 haec
1603 2081 1729 2114 Athen.
1753 2081 1791 2123 5,

978 2125 1024 2168 4.,
1057 2131 1218 2169 tanquam
1243 2125 1466 2169 ταυτολόγα,
1499 2131 1537 2160 ut
1569 2126 1628 2171 qui
1659 2127 1794 2162 εἴδατα

978 2152 1063 2206 1111111
1106 2172 1199 2206 aliud
1240 2172 1412 2216 intelligat
1446 2183 1546 2227 quam
1582 2183 1716 2207 carnes.
1758 2174 1794 2209 εἰ

979 2219 1050 2262 γάρ
1071 2218 1201 2254 εἴδατα
1226 2218 1439 2262 παρέθηκεν
1464 2215 1487 2263 ἡ
1512 2219 1643 2262 ταμίη,
1667 2219 1791 2274 inquit,

980 2266 1092 2303 δῆλον
1119 2261 1169 2305 ὡς
1194 2263 1358 2307 κρεάτων
1377 2267 1540 2308 λείψανα
1561 2264 1794 2309 τυγχάνοντα

979 2309 1046 2347 τὸν
1085 2308 1238 2368 δαιτρὸν
1281 2323 1350 2346 ουκ
1392 2310 1465 2346 ἔδει
1507 2311 1792 2355 παρεισφέρειν·
1828 2335 1830 2337 >

980 2356 1112 2402 διόπερ
1144 2356 1186 2392 τὸ
1216 2359 1377 2401 δίστιχον
1411 2357 1579 2402 (ἐπαρκεῖ.
1627 2363 1664 2392 at
1699 2359 1794 2393 nulla

981 2416 1042 2438 nos
1077 2404 1261 2438 necessitas
1296 2403 1409 2448 cogit,
1445 2408 1483 2438 ut
1514 2404 1646 2438 εἴδατα
1675 2415 1795 2439 carnes

983 2450 1052 2484 dici
1077 2456 1231 2495 putemus
1257 2450 1373 2494 potius
1397 2461 1497 2495 quam
1523 2450 1683 2492 obsonia,
1707 2461 1796 2496 quae
1827 2488 1831 2498 ρ

984 2508 1060 2530 cum
1085 2507 1174 2540 pane
1198 2497 1360 2529 servabat
1384 2507 1512 2540 proma.
1545 2495 1603 2547 γ’,
1626 2496 1725 2532 479³
1755 2494 1796 2532 ἐν

985 2542 1026 2577 δὲ
1055 2542 1148 2585 γυνή
1179 2543 1291 2586 ταμίη
1313 2545 1415 2577 σῖτον
1433 2542 1496 2577 καὶ
1520 2548 1627 2577 οἱνον
1646 2541 1794 2586 ἔθηκεν,
1826 2577 1839 2589 ,

998 2591 1088 2632 Οψα
1120 2601 1179 2629 τε,
1213 2593 1275 2622 οἱα
1304 2587 1428 2624 ἔδουσι
1457 2588 1667 2634 διοτρεφέες
1688 2590 1796 2635 βασι·
1825 2600 1833 2631 ξ

984 2635 1077 2677 λῆες.
1126 2635 1170 2668 cf.
1205 2633 1245 2677 ε’,
1277 2636 1358 2675 267,
1389 2632 1430 2677 ζ’,
1455 2637 1512 2677 76,
1544 2637 1600 2670 77.
1633 2636 1681 2670 Ν.
1714 2645 1794 2668 ann.
1826 2635 1830 2643 '

984 2682 1027 2715 ad
1054 2679 1097 2725 γ’,
1123 2680 1211 2714 480:
1245 2680 1332 2721 „die
1356 2681 1479 2716 Freier
1502 2681 1697 2716 schluchten
1726 2692 1793 2725 ge·
1832 2676 1834 2683 '

986 2728 1157 2760 wiihnlich
1184 2725 1324 2770 ἱερήια,
1349 2727 1613 2768 Schlachtvieh,
1637 2726 1794 2770 der-glei-

984 2774 1066 2807 cben
1105 2774 1266 2818 geopsert
1306 2774 1413 2814 11.-1111,
1456 2773 1608 2812 Rinder,
1647 2773 1791 2815 Ziegen,

983 2819 1129 2859 Schase,
1157 2819 1361 2860 Schweine,
1395 2821 1478 2853 aber
1501 2819 1674 2862 Penelope
1698 2819 1794 2852 zieht

984 2866 1071 2898 anch
1097 2844 1291 2899 F'edervieh
1317 2867 1379 2899 auf
1400 2864 1467 2909 (τ’,
1484 2866 1564 2900 536.
1574 2866 1611 2907 ),
1637 2864 1704 2897 und
1728 2863 1792 2897 das

984 2911 1078 2944 Wild
1101 2912 1176 2955 jigt
1202 2924 1274 2944 ιιι-111
1301 2911 1396 2945 nicht
1419 2912 1511 2945 b1oss
1530 2910 1590 2944 der
1608 2910 1703 2944 Fene
1720 2921 1794 2943 we·-

984 2968 1050 2999 gen
1083 2957 1147 2999 (ΙΙ.
1175 2957 1215 2999 o',
1242 2960 1308 2993 579
1334 2957 1384 2999 ff,
1417 2957 1545 3000 OdySS.
1571 2953 1613 2997 κ’,
1641 2957 1717 2997 158,
1746 2953 1792 2998 ν’,

984 3003 1064 3038 436.
1078 3004 1131 3047 )“
1159 3013 1226 3038 etc.
1275 3005 1321 3038 cf.
1348 3004 1518 3043 bainna,
1546 3004 1576 3037 1.
1612 3006 1833 3057 praeterea(

1853 3056 1856 3071 1
