1856 3282
152 100 232 141 182

318 209 583 266 πλησάμενοι
611 211 658 256 δέ
684 226 730 256 τε
757 214 864 268 νῆας
892 210 999 266 ἔβαν
1027 209 1201 255 οἶκόνδε
1227 208 1415 260 νέεσθαι,

234 269 289 312 90
316 266 387 309 καὶ
415 268 495 322 μὲν
522 272 614 319 τοῖς
641 269 792 319 ὄπιδος
818 267 1034 321 κρατερὸν
1064 268 1162 318 δέος
1191 266 1238 309 ἐν
1267 266 1391 321 φρεσὶ
1421 265 1583 311 πίπτει·

270 327 290 347 *
319 323 409 366 οἵδε
435 323 481 366 δὲ
507 324 580 367 καί
607 339 650 367 τι
677 326 815 377 ἴσασι,
844 327 954 367 θεοῦ
985 323 1030 367 δέ
1058 322 1143 367 τιν’
1177 322 1330 365 ἔκλυον
1361 319 1512 377 αὐδὴν,

315 379 464 422 κείνου
491 379 655 435 λυγρὸν
683 379 889 434 ὄλεθρον,
919 379 987 423 ὅτ’
1018 378 1101 422 ούκ
1128 378 1328 422 ἐθέλουσι
1357 379 1534 430 δικαίως

316 438 535 488 μνᾶσθαι,
564 435 668 480 οὐδὲ
695 437 871 479 νέεσθαι
898 435 969 479 ἐπὶ
999 434 1200 491 σφέτερ’,
1228 432 1336 477 ἄλλα
1366 434 1511 489 ἕκηλοι

316 488 508 545 κτήματα
535 492 858 546 δαρδάπτουσιν
885 490 1120 547 ὑπέρβιον,
1150 488 1250 534 οὐδ’
1281 490 1351 533 ἔπι
1379 488 1528 545 φειδώ.

233 547 287 590 95
314 544 439 589 ὅσσαι

269 600 287 620 *

148 878 236 923 σιν).
263 898 308 905 -
348 879 480 927 ἔβαν,
513 883 609 917 abire
641 885 758 919 solent.
785 904 830 910 —
862 885 945 921 καὶ

146 927 252 965 τοῖς
274 923 358 969 μὲν
379 946 425 953 —
447 928 628 970 πίπτει,
653 935 686 963 et
703 941 787 964 sane
808 931 945 964 illorum

147 971 272 1005 animis
293 972 416 1015 ingens
439 978 550 1008 metus
572 975 704 1008 incidit.

191 1017 248 1050 91.
295 1018 399 1052 οἵδε
421 1035 463 1044 -
487 1019 623 1055 ἴσασι.
661 1019 711 1055 ita
733 1020 825 1054 solus
848 1023 947 1054 vete-

145 1071 240 1102 rum,
264 1063 354 1106 quod
376 1064 501 1109 sciam,
527 1066 571 1106 Q.
596 1069 691 1107 Am.‚
721 1066 948 1100 recentiorum

145 1105 272 1151 primus
294 1108 397 1142 Barn.
429 1112 467 1143 A.
491 1112 545 1152 2,
579 1123 678 1156 quem
712 1112 861 1145 codicem
893 1116 948 1145 te-

146 1162 238 1185 mere
260 1154 432 1198 expressit
455 1155 616 1190 Alterus:
642 1157 722 1191 οἵδε
746 1156 786 1191 δέ
808 1169 867 1191 τοι
892 1156 948 1190 ἴσ-

147 1207 242 1232 σασι.
289 1200 330 1235 Α.
354 1201 408 1236 3.=
441 1200 521 1237 οῖ’ὁε
553 1200 594 1237 δ’
619 1200 678 1237 ἔτ’
711 1202 818 1238 ἴσασι.
869 1202 947 1235 Ald-

144 1243 193 1286 3.,
216 1242 349 1290 Steph.,
371 1246 528 1291 Bergler.
555 1251 591 1282 et
613 1247 778 1293 quidquid
803 1251 855 1282 est
874 1247 948 1281 edi-

145 1287 274 1323 tionum
306 1301 414 1336 usque
445 1293 488 1326 ad
523 1293 698 1328 Barnesii=
731 1295 811 1329 οἵδε
841 1292 881 1328 δέ
913 1306 949 1328 τι

147 1332 263 1378 ἴσασι,
287 1347 330 1369 ex
354 1348 420 1381 quo
443 1337 636 1384 intelligas,
662 1339 841 1374 undeunde
863 1339 950 1373 arri-

146 1379 282 1424 puisse,
305 1381 361 1416 vel
384 1382 427 1417 de
450 1395 510 1419 suo
529 1385 725 1428 infersisse,
748 1387 870 1420 bonum
894 1385 949 1418 vi-

146 1436 221 1459 rnm
245 1426 442 1462 Barnesium
471 1430 534 1466 καὶ
566 1431 767 1477 particulam
800 1432 845 1465 ad
877 1431 948 1464 ful-

146 1469 301 1506 ciendum
324 1484 469 1509 versum.
515 1480 552 1511 at
582 1476 648 1512 alio
675 1477 726 1511 illi
748 1477 845 1511 modo
869 1488 948 1511 suc-

147 1517 348 1552 currendum
378 1521 540 1556 arbitror.
592 1523 794 1557 scribamus:
837 1521 875 1557 οὶ
908 1521 949 1558 δὲ

147 1561 195 1606 δή
219 1575 254 1598 τι
274 1565 392 1606 ἴσασι,
419 1572 458 1601 at
481 1568 540 1602 isti
562 1574 793 1612 compererunt
817 1569 950 1612 aliquid

146 1609 284 1643 scilicet.
332 1610 462 1646 ironice
486 1613 655 1647 Eumaeus
677 1625 799 1659 procos
822 1614 951 1659 aliquid

146 1655 305 1689 momenti
334 1657 422 1691 scire
446 1658 543 1702 dicit,
566 1659 668 1704 idque
690 1661 740 1693 ita
762 1671 799 1693 se
822 1660 950 1694 habere

149 1700 288 1735 oraculo
312 1702 453 1737 edoctos
475 1715 563 1746 esse,
584 1705 767 1747 videlicet,
790 1705 949 1750 Ulyssem

150 1745 274 1780 misere
295 1747 478 1791 occidisse3
505 1755 757 1796 proptereaque
787 1762 851 1784 nec
882 1751 950 1785 rite

150 1794 254 1835 atque
278 1794 398 1828 ordine
415 1806 550 1829 uxorem
569 1801 732 1841 expetere
745 1796 950 1842 Penelopen,

147 1848 212 1870 nec
245 1837 376 1872 domum
399 1851 566 1885 quemque
594 1853 689 1876 suam
715 1841 852 1885 redire,
887 1842 949 1875 sed

146 1881 282 1926 Ulyssis
301 1883 388 1918 bona
412 1886 627 1931 impudenter
643 1889 833 1922 absumere.
870 1888 949 1923 οἵδε

146 1927 290 1962 alienum
314 1934 388 1971 est,
413 1936 452 1965 ut
475 1932 566 1977 quod
590 1933 760 1977 significet
785 1944 867 1974 eos,
892 1933 949 1978 qui

146 1977 224 2007 sunt
247 1973 283 2008 in
307 1982 517 2022 conspectu,
541 1978 596 2012 vel
620 1985 714 2013 certe
736 1978 860 2020 vicini;
893 1991 950 2012 re-

146 2024 236 2053 ctum
271 2019 308 2054 οἱ
333 2019 394 2063 δὲ,
425 2023 478 2056 illi
500 2034 601 2065 vero,
639 2023 747 2068 proci.
795 2021 842 2059 δὲ
877 2024 949 2068 δή,

146 2069 186 2098 ιιι
207 2064 248 2098 11.
272 2065 323 2107 6',
347 2069 403 2102 20.
429 2069 472 2102 de
496 2068 543 2113 δή
568 2070 696 2103 ironico
728 2081 761 2102 v.
793 2081 869 2103 ann.
905 2071 949 2104 ad

146 2110 184 2143 Il·
211 2109 263 2155 φ’,
283 2113 362 2148 131.
407 2111 449 2148 δὲ
473 2119 507 2148 et
531 2112 577 2160 δή
602 2114 817 2161 permisceri,
843 2116 949 2150 trala-

146 2155 260 2191 ticium
284 2162 349 2192 est.
395 2159 476 2204 quin
501 2161 602 2194 etiam
626 2159 666 2195 δὲ
691 2165 725 2194 et
742 2160 806 2195 καὶ
827 2161 948 2196 similia

147 2212 224 2236 esse
255 2202 291 2236 in
324 2203 516 2248 codicibus,
547 2207 770 2240 ostenderunt
793 2207 947 2241 Schafer.

147 2258 225 2281 ann.
252 2247 296 2281 ad
319 2247 420 2283 Dion.
442 2251 520 2284 Hal.
546 2263 579 2296 p.
604 2253 681 2287 158.
707 2257 742 2286 et
763 2253 864 2294 294„
887 2253 948 2287 Ja-

147 2293 240 2326 cobs.
266 2294 398 2329 Anthol.
426 2295 500 2329 Pal.
527 2298 561 2332 3.
592 2308 626 2342 p.
651 2298 729 2334 697.
761 2297 869 2342 igitur
894 2299 947 2331 fa-

148 2337 212 2372 cile
234 2338 321 2383 lapsi
344 2340 474 2375 fuerint
495 2341 636 2376 librarii.
671 2342 760 2388 quod
778 2348 947 2389 superest,

147 2389 290 2419 metrum
313 2385 399 2419 bene
421 2386 535 2429 habet,
558 2388 719 2422 trochaeo
744 2390 856 2432 posito
878 2389 947 2434 pri-

146 2439 201 2463 ma
232 2430 313 2464 sede
341 2431 550 2475 hexametri,
583 2439 621 2467 ut
654 2434 694 2470 11.
724 2433 777 2475 α’,
802 2436 880 2470 193.
911 2439 947 2469 et

148 2484 251 2519 saepe
274 2476 371 2511 alias.
416 2477 558 2522 vulgata
582 2484 691 2512 autem
717 2481 795 2515 οἵδε
820 2479 859 2516 δὲ
882 2482 946 2515 καί

146 2533 183 2554 τι
207 2522 307 2556 ἴσασι
337 2521 427 2556 nullo
460 2524 557 2558 modo
588 2524 730 2558 ferenda
762 2531 836 2566 est,
871 2538 946 2560 cum

147 2564 230 2599 nihil
247 2567 405 2603 momenti
424 2570 647 2614 compererint
670 2572 778 2614 proci,
801 2571 836 2606 id
856 2572 947 2616 quod

146 2610 224 2644 istis
247 2613 361 2646 verbis
385 2624 448 2658 pro
470 2621 563 2648 certo
587 2616 825 2651 affirmaretur.
860 2618 947 2651 Vos-

147 2656 239 2690 sius:
274 2657 395 2700 „doch
429 2659 484 2693 die
514 2660 638 2695 wissen
661 2662 850 2705 vielleicht,
884 2675 946 2707 ge·-

148 2701 238 2736 lehrt
260 2703 367 2737 durch
391 2705 578 2749 giittlichen
602 2708 810 2751 ausspruch,
845 2708 946 2742 Jenes

148 2748 323 2792 traurigen
346 2751 456 2790 tod‚‘·
492 2752 590 2796 quasi
622 2752 720 2786 Hom.
744 2753 887 2786 dixisset
910 2753 947 2788 οἱ

147 2791 188 2826 δὲ
222 2793 310 2834 ἴσως
339 2808 374 2828 τι
404 2795 512 2831 ἴσασι.
560 2798 763 2842 scripturam
788 2799 947 2833 emenda-

148 2843 217 2872 tam
249 2839 300 2874 ita
328 2840 451 2874 reddas
482 2842 583 2876 licet:
622 2844 716 2877 Doch
738 2845 805 2878 Die
827 2846 948 2879 wissen

148 2884 236 2917 wohl
258 2890 381 2927 traua,
413 2888 484 2921 und
513 2899 549 2922 es
573 2890 721 2923 lciindete
746 2891 870 2925 Diesen
891 2891 948 2925 die

151 2929 323 2973 Gottheit,
345 2933 444 2967 Jencs
468 2934 649 2979 traurigen
674 2936 759 2969 Tod.

768 99 1167 146 ΟΜΗΡΟῬ

464 547 546 603 γὰρ
574 549 726 599 νύκτες
752 564 798 592 τε
825 549 900 591 καὶ
927 546 1083 604 ἡμέραι
1115 547 1162 591 ἐκ
1190 545 1301 596 Διός
1329 548 1451 598 εἰσιν,

318 601 481 646 οὔποθ’
509 605 559 647 ἓν
588 603 801 659 ἱερεύουσ’
831 604 1022 660 ἱερήϊον,
1052 603 1157 648 οὐδὲ
1187 601 1260 645 δύ’
1291 603 1384 654 οἴω,

319 656 444 716 οἶνον
471 659 518 703 δὲ
545 660 848 715 φθινύθουσιν
875 660 1090 716 ὑπέρβιον
1118 657 1390 714 ἐξαφύοντες.

319 716 345 768 ἠ
373 713 457 769 γάρ
488 717 531 759 οἱ
560 717 643 772 ζωή
671 716 718 772 γ’
746 715 801 772 ἦν
830 715 1036 768 ἄσπετος·
1067 715 1208 760 οὕτινι
1235 713 1369 770 τόσση

319 768 494 826 ἀνδρῶν
520 770 703 828 ἡρώων,
732 771 830 816 οὔτ’
860 772 1056 830 ἠπείροιο
1086 772 1302 829 μελαίνης,

1034 885 1182 920 92-95.
1222 877 1288 916 ὅτ’
1314 877 1400 916 οὐκ
1425 878 1660 922 ἐθέλουσι,
1684 889 1791 924 quan-

991 929 1171 974 doquidem
1193 929 1323 963 nolunt.
1357 938 1392 961 v.
1416 938 1494 960 ann.
1518 927 1563 960 ad
1585 925 1625 968 ε’,
1646 927 1725 962 357.
1748 944 1793 949 -—-

991 973 1066 1009 ἐπὶ
1097 973 1313 1018 σφέτερα.
1347 970 1402 1013 α’,
1430 970 1576 1007 274-
1623 973 1697 1006 Am.
1720 970 1792 1018 9st

993 1017 1109 1055 ἄλλα
1151 1018 1312 1063 ἕκηλοι
1345 1016 1424 1063 (β’,
1456 1018 1523 1052 311
1550 1017 1656 1061 σιω).
1688 1017 1795 1074 κήτοι

994 1063 1252 1110 ἡσυχάζοντες,
1288 1076 1321 1097 u.
1353 1062 1416 1117 μὴ,
1435 1063 1518 1106 περὶ
1551 1061 1658 1107 ἔργον
1682 1074 1794 1117 ασχο-

993 1111 1178 1155 λούμενοι.
1197 1130 1240 1136 -
1265 1110 1644 1152 δαρδαπτουσιν,
1663 1110 1794 1153 disper-

994 1158 1091 1191 dunt.
1132 1157 1258 1190 iterum
1280 1156 1367 1188 haec
1388 1154 1547 1198 leguntur
1568 1153 1619 1196 π’,
1636 1156 1716 1190 315.
1750 1155 1797 1189 cf.

993 1203 1034 1237 11.
1059 1200 1102 1244 λ’,
1124 1202 1204 1237 479.
1230 1221 1267 1226 -
1304 1198 1552 1245 ὑπέρβιον.
1583 1199 1632 1243 μ’,
1654 1201 1734 1235 379.
1751 1219 1796 1224 -

996 1247 1092 1289 ἔπι,
1116 1247 1148 1281 h.
1170 1260 1200 1282 e.
1227 1246 1381 1286 ἔπεστιν,
1407 1248 1448 1279 Α.
1470 1248 1502 1282 1.
1523 1249 1558 1278 et
1575 1248 1629 1287 2.,
1653 1246 1730 1279 Ald.
1750 1247 1796 1288 3.,

993 1295 1040 1328 W
1054 1320 1065 1338 ,
1088 1294 1129 1327 Β.
1160 1292 1241 1327 alii:
1268 1292 1332 1327 ἔτι.
1355 1311 1400 1316 --
1435 1290 1607 1336 φειδώ,
1627 1293 1799 1335 parsimo-

993 1341 1076 1381 m'a,
1100 1344 1210 1373 metus
1234 1344 1410 1372 sumtuum.
1441 1338 1482 1371 Il.
1503 1336 1551 1382 η’,
1566 1338 1646 1373 409.
1667 1356 1712 1361 -
1744 1338 1797 1371 E:

994 1384 1034 1422 ἓν
1066 1383 1107 1420 δὲ
1143 1386 1194 1431 τῷ
1239 1381 1375 1419 ὅσσαι
1398 1402 1443 1408 -
1467 1381 1515 1418 ἐκ
1547 1382 1666 1424 Διός
1700 1383 1798 1418 εἰσι

993 1431 1170 1477 περιττῶς
1191 1433 1308 1465 κεῖται
1331 1442 1365 1464 κ.
1388 1427 1536 1473 ἀφελοῦς
1552 1427 1594 1465 vd
1617 1427 1797 1472 νύκτες,

993 1478 1035 1514 τὸ
1069 1476 1111 1513 δὲ
1141 1475 1227 1513 ὅλον
1250 1476 1469 1526 περίφρασίς
1503 1474 1578 1511 ἐστι
1608 1476 1678 1510 τοῦ
1710 1477 1797 1518 αἰεὶ,

993 1539 1025 1561 κ.
1059 1522 1130 1560 τοῦ
1159 1521 1357 1568 ὁσημέραι,
1390 1534 1423 1556 κ.
1457 1520 1553 1556 ἔστιν
1583 1519 1716 1566 ὅμοιον
1745 1522 1800 1569 τῷ

996 1570 1102 1615 [αἰεὶ]
1125 1567 1197 1605 ἐπ’
1220 1568 1370 1612 ἤματι
1393 1567 1506 1610 (107).
1529 1612 1538 1621 ·

1040 1618 1096 1652 96.
1141 1616 1227 1649 dure
1247 1613 1431 1657 corripitur
1451 1613 1562 1647 media
1579 1612 1710 1658 syllaba
1727 1615 1798 1651 τοῦ

995 1659 1251 1706 ἱερεύουσι.
1293 1659 1411 1704 quidni
1435 1670 1598 1702 ponamus
1622 1658 1797 1705 ἱρεύουσ’,

995 1713 1033 1741 ut
1055 1706 1138 1751 ἱροὶ,
1171 1704 1292 1749 ἱρεὺς,
1324 1702 1565 1746 ἱρεύσασθαι,
1598 1704 1796 1749 ἱρεύεσκον,

995 1753 1053 1795 α’,
1076 1755 1140 1794 66,
1166 1751 1210 1792 ι’,
1235 1751 1319 1791 198,
1343 1747 1392 1791 τ’,
1416 1751 1507 1792 198,
1531 1749 1578 1793 ν’,
1600 1752 1653 1787 322
1700 1753 1797 1798 atqui

994 1799 1070 1833 Ald.
1102 1801 1156 1834 3.:
1196 1794 1362 1840 ἶρεύουσ’
1396 1794 1528 1840 ἱρήιον.
1577 1802 1727 1833 ceterum
1759 1811 1795 1833 V.

994 1845 1074 1886 416,
1096 1842 1140 1891 β’,
1162 1845 1207 1878 56
1229 1848 1296 1876 etc.
1317 1861 1360 1866 —
1385 1841 1581 1887 ἱερήϊον.
1605 1841 1647 1885 λ’,
1666 1845 1712 1880 23
1729 1849 1797 1880 etc.

995 1909 1039 1914 —
1071 1888 1142 1925 δύ’
1170 1889 1268 1924 οἴω.
1310 1888 1350 1921 ΙΙ.
1379 1887 1432 1929 ω’,
1454 1888 1555 1923 473.:
1587 1890 1640 1934 τῷ
1664 1889 1705 1925 δὲ
1729 1888 1796 1925 δύ’

996 1935 1061 1972 οἴω
1085 1955 1130 1961 ——
1149 1936 1344 1970 Ποίπνυον
1361 1932 1549 1978 παρεόντε.
1584 1936 1691 1970 minus
1711 1937 1798 1972 bene

994 1984 1035 2016 A.
1059 1983 1092 2016 2.
1119 1986 1155 2015 et
1179 1981 1257 2014 alii:
1285 1979 1360 2014 οἶα.
1676 2009 1707 2039 Α

1039 2028 1226 2062 97—101.
1275 2022 1629 2070 φθινύθουσιν.
1653 2039 1700 2069 α,
1726 2029 1797 2064 250

996 2076 1061 2106 etc.
1091 2092 1136 2098 —
1181 2070 1501 2116 ἐξαφύοντες,
1546 2073 1796 2110 exhaurientes.
1854 2069 1856 2090 *¹

994 2122 1098 2162 auget
1120 2129 1252 2152 sensum
1276 2118 1314 2152 ἐκ
1338 2117 1571 2162 praepositio,
1599 2122 1637 2152 ut
1660 2117 1703 2160 ι’,
1726 2122 1795 2156 453

994 2169 1060 2197 etc.
1077 2183 1117 2188 —
1144 2159 1168 2208 ἦ
1190 2162 1278 2207 γάρ
1305 2164 1350 2198 οἱ
1374 2162 1473 2208 ζωή.
1512 2164 1553 2198 Α.
1574 2164 1606 2198 2.
1625 2172 1661 2199 et
1680 2166 1794 2200 nescio

994 2210 1053 2253 qui
1077 2209 1134 2242 alii
1158 2221 1213 2254 ap.
1234 2209 1306 2244 Ch:
1331 2204 1356 2252 ἦ
1378 2207 1447 2253 γάρ
1468 2210 1537 2244 τοῦ
1560 2210 1610 2251 g„
1634 2222 1724 2255 quae
1744 2212 1796 2245 vi-

992 2257 1096 2288 detur
1119 2266 1194 2288 esse
1228 2255 1417 2289 emendatio
1449 2259 1557 2289 metro
1581 2257 1795 2301 prospicien-

992 2300 1059 2341 tis,
1095 2301 1153 2345 qui
1188 2311 1254 2334 non
1286 2300 1512 2343 meminisset,
1544 2302 1614 2344 γάρ
1647 2303 1793 2347 produci

993 2346 1127 2391 saepius
1160 2351 1239 2379 ante
1264 2346 1430 2387 vocalem,
1464 2347 1667 2391 praesertim
1701 2349 1795 2394 aspi-

992 2398 1113 2425 ratam.
1143 2410 1188 2415 —
1227 2389 1337 2436 ζωή,
1367 2392 1510 2436 βίοτος,
1552 2393 1681 2434 victus,
1725 2405 1794 2429 res.

991 2437 1237 2481 Aristophanes
1261 2449 1420 2481 gramm„
1455 2449 1476 2472 a
1498 2438 1538 2472 B.
1569 2439 1683 2473 editus
1715 2445 1795 2484 post

994 2483 1245 2523 Herodianum,
1279 2485 1312 2517 h.
1335 2483 1358 2516 l.
1383 2495 1436 2523 c.,
1460 2495 1494 2528 p.
1517 2485 1616 2519 287.:
1641 2484 1714 2529 ζωὴ
1739 2485 1794 2521 λε’-

991 2540 1092 2572 γεται
1124 2529 1187 2562 καὶ
1218 2527 1278 2563 ἐπὶ
1311 2528 1378 2571 τῆς
1400 2531 1622 2571 περιουσίας.
1664 2531 1713 2564 cf.
1739 2531 1793 2565 in·-

992 2575 1097 2607 serius
1128 2576 1215 2614 208,
1244 2573 1301 2616 π’,
1332 2575 1411 2610 429.
1454 2576 1543 2608 idem
1567 2579 1621 2610 est
1653 2574 1792 2621 ἄφενος

991 2621 1048 2654 99.
1068 2639 1113 2643 -
1138 2616 1358 2654 οὕτινι-
1378 2618 1552 2664 ἡρώων.
1583 2621 1667 2656 mira
1685 2633 1791 2668 exag-

992 2664 1126 2709 geratio
1152 2665 1220 2706 rei,
1253 2665 1313 2699 sed
1336 2664 1451 2711 ἠθικὴ
1477 2667 1512 2700 in
1540 2678 1640 2701 servo
1671 2679 1790 2703 aman-

992 2711 1122 2743 tissimo
1157 2711 1291 2746 domini.
1338 2712 1467 2756 alioqui
1502 2712 1652 2757 ineptum
1688 2718 1789 2756 esset,

993 2756 1153 2799 anteponi
1177 2768 1258 2801 opes
1284 2756 1439 2800 Ulyssis,
1464 2769 1608 2802 asperae
1631 2770 1695 2793 nec
1719 2770 1790 2793 ma-

993 2813 1081 2846 gnae
1104 2802 1233 2835 insulae
1250 2802 1463 2847 imperantis,
1488 2804 1692 2845 Atridarum,
1715 2805 1789 2839 Ne-

992 2847 1106 2889 storis,
1131 2847 1268 2881 Achillis
1283 2848 1451 2882 Idomenei
1469 2854 1505 2883 et
1519 2850 1658 2884 aliorum
1676 2850 1790 2884 Grae-

992 2892 1066 2925 ciue
1090 2892 1277 2938 principum
1301 2893 1431 2927 divitiis
1462 2906 1504 2929 ac
1537 2896 1720 2939 potentiae.
1745 2914 1790 2921 —

992 2936 1196 2982 ἤπειρον
1224 2939 1456 2982 μέλαιναν
1489 2939 1595 2986 dixit,
1631 2949 1670 2976 ut
1685 2944 1795 2986 γαῖαν
