1856 3282
331 228 458 262 poenas
488 217 654 253 audaciae
689 217 852 252 Alithersi
881 217 1029 252 minatur
1053 217 1309 260 Eurymachus,
1350 229 1412 252 nec
1436 228 1473 251 se
1506 203 1696 262 quenquam
1721 217 1764 251 ti-

249 275 339 297 mere
363 263 460 297 dicit.

367 331 456 373 Τὸν
485 329 529 374 δ’
560 326 660 374 αὖτ’
692 328 979 385 Εὐρύμαχος,
1015 328 1231 383 Πολύβου
1259 329 1382 379 πάϊς,
1412 327 1562 374 α’ντίον
1589 329 1726 386 ηὔδα·

282 382 347 438 ,,αἷ
374 387 532 456 γέρον,
561 390 598 430 εἰ
628 384 692 438 δ’,
724 386 800 440 ἄγε
829 391 914 429 νῦν
943 385 1153 440 μαντεύεο
1186 390 1302 428 σοῖσι
1325 386 1533 439 τέκεσσιν,

282 443 429 486 οἷ”καδ
461 442 564 494 ἰων,
597 443 655 512 μή
686 442 774 485 πού
804 460 845 485 τι
871 443 1008 485 κακὸν
1036 441 1260 496 πάσχωσιν
1291 441 1482 485 ὀπίσσω·

171 502 423 546 180*ταῦτα
453 501 496 542 δ’
529 500 610 556 ἐγώ
640 500 712 542 σέο
742 498 906 541 πολλὰν
936 497 1124 568 ἀμείνων
1154 497 1457 552 μαντεύεσθαι.

282 557 473 626 ὄρνιθες,
491 557 537 598 δέ
563 573 606 599 τε
635 556 789 598 πολλοὶ
819 553 896 597 υπ’
931 554 1068 610 αὐγὰς
1098 540 1260 608 ἠελίοιο

283 612 473 668 φοιτῶσ’
486 644 496 661 ,
529 611 632 656 ου’δέ
663 628 707 654 τε
737 611 892 662 πάντες
922 611 1163 665 ἐναίσιμοι·
1193 608 1334 663 αὐτὰρ
1358 608 1594 663 Ὀδυσσεὺς

619 667 678 720 ὥς
707 685 780 712 και
809 668 864 711 συ
896 669 1199 724 καταφθίσθαι
1229 666 1308 719 ξύν
1338 666 1488 724 ἐκείνῳ

259 669 414 712 ὤλετο
443 666 558 725 τῆλ’.

115 815 205 847 quae
229 803 278 837 illi
302 803 489 848 praedixit,
514 802 594 836 inde
618 803 750 847 colligit
771 802 923 837 Alither-

114 861 191 890 ses,
224 851 316 893 quod
352 850 465 882 adhuc
498 849 623 882 incerti
654 855 785 883 tantum
808 860 923 882 rumo-

115 906 173 928 res
197 895 240 929 de
272 895 331 928 illo
363 895 475 939 sparsi
510 899 631 936 erant,
663 895 757 939 quod
780 895 814 928 in
831 895 924 939 opti—

116 952 199 974 mam
227 947 357 985 partem
383 940 519 985 accipit
533 946 660 997 senex,
695 946 815 986 utpote
839 940 921 974 ami-

115 998 175 1020 cus
200 987 316 1020 domus
344 986 472 1031 regiae.

164 1056 244 1095 178,
270 1056 348 1090 179.
405 1055 449 1089 εἰ
491 1050 557 1095 δ’,
591 1050 673 1097 ἄγε
705 1059 773 1088 etc.
808 1053 923 1087 siun-

116 1112 244 1144 quam,
271 1112 342 1145 age
366 1113 456 1133 nunc
479 1100 673 1133 vaticinare
698 1106 764 1134 etc.
790 1112 823 1132 v.
850 1111 927 1134 ann.

118 1147 160 1180 od
188 1146 226 1181 ΙΙ.
250 1145 289 1188 ζ,
295 1127 394 1181 0376.
428 1147 606 1188 ‚‚'lheocn
632 1148 666 1186 6,
689 1148 769 1181 232
807 1142 928 1188 αὐτάρ

120 1189 139 1227 ὁ
165 1191 297 1234 μάντις
324 1189 344 1226 0‘
379 1190 564 1247 Τήλεμος,
591 1190 697 1234 ἔχθρ’
724 1190 928 1234 ἄχορενων,

116 1237 256 1282 Ἐχθροὶ
292 1238 443 1282 φέροιτο
468 1236 566 1278 notit:
591 1251 712 1278 οικον,
747 1236 849 1275 ὅπως
871 1249 929 1272 τε-

118 1285 236 1320 κέεσσι
273 1284 427 1328 φυλάξῃ.
475 1284 573 1327 Virg.
609 1286 693 1318 Aen.
733 1286 797 1325 11,
827 1285 928 1319 399.-

120 1332 228 1374 σα]ιὶίὶ
262 1342 346 1364 canc
380 1331 490 1371 talia,
530 1330 690 1384 demens,
737 1330 927 1368 Dardanio,

119 1380 285 1420 rebusque
319 1377 396 1410 tuis.
410 1379 433 1394 “
473 1375 529 1411 Cl.
563 1395 607 1401 ——
644 1374 844 1410 ὀπισσω.
879 1388 928 1416 α,

119 1424 188 1458 222
211 1429 278 1456 etc.

169 1493 247 1525 180.
296 1501 414 1524 versus
462 1501 528 1523 non
575 1489 704 1533 optime
751 1493 929 1528 tornatus,

122 1548 315 1581 prosaeque
348 1535 485 1574 similis,
526 1547 625 1578 quem
657 1546 780 1568 vereor
815 1547 857 1567 ue
888 1534 930 1567 li-

124 1582 230 1615 brarii
255 1593 318 1626 per
343 1581 579 1615 oscitationem
609 1581 814 1614 Homericae
852 1592 931 1613 ora-

125 1628 212 1662 tioni
237 1626 488 1661 substituerint.
516 1638 592 1660 nam
617 1627 675 1671 qui
699 1626 786 1659 alias
810 1626 931 1670 legun-

123 1680 181 1708 tur
205 1674 239 1706 in
264 1675 328 1707 hoc
352 1683 478 1716 genere
502 1683 623 1706 versus
645 1672 847 1716 spondiaci‚
872 1675 933 1705 aut

125 1720 332 1772 gravitatem
357 1718 548 1751 sententiae
584 1719 751 1751 tarditate
776 1729 933 1750 numero-

125 1777 198 1800 rum
225 1765 441 1810 exprimunt,
475 1765 569 1797 velut
600 1764 696 1807 Virg.
731 1764 820 1796 dixit
847 1765 931 1796 Aen.

126 1814 160 1853 8,
186 1814 289 1846 679.
323 1822 398 1843 cum
427 1811 576 1853 populo,
608 1810 852 1854 patribusque,
876 1820 936 1853 pe-

125 1859 282 1898 natibus,
317 1862 357 1890 et
400 1857 584 1899 magnis
624 1856 718 1896 dis,
751 1860 812 1888 aut
837 1866 934 1888 usur-

128 1904 199 1957 pati
225 1915 300 1937 esse
324 1901 628 1946 deprehenduntur
660 1901 694 1934 in
718 1902 823 1935 rebus
848 1912 935 1954 quo-

128 1949 291 1990 tidianis,
326 1959 413 1993 quae
445 1959 561 1992 parum
586 1947 646 1992 dig
650 1959 712 1980 nae
736 1955 858 1980 ornatu
884 1947 937 1978 vi—

128 1996 303 2036 derentur,
328 1994 606 2038 quemadmodum
631 1992 685 2036 φ’,
710 1995 762 2028 15.
791 1994 937 2026 habetur

129 2052 250 2075 versus
283 2040 384 2074 meris
419 2039 581 2083 spondeis
613 2044 771 2072 constans
805 2038 861 2072 hic
885 2036 937 2071 τώ

130 2084 173 2122 δ’
207 2085 246 2121 ἐν
278 2083 455 2130 ΙΙῙεσσήνῃ
499 2084 708 2130 ξυμβλήτην
739 2082 940 2129 ἀλλήλοιιν,

157 2133 257 2166 assim
293 2139 405 2166 autem
438 2131 656 2165 inveniuntur
680 2142 820 2175 versus,
853 2142 940 2174 qua-

130 2145 181 2212 pes
218 2183 298 2212 sunt
336 2179 414 2216 136.
448 2178 525 2219 155,
561 2179 637 2216 159,
663 2188 747 2221 quos
772 2178 800 2210 si
826 2177 939 2209 vitare

131 2224 323 2258 voluissent
357 2226 500 2268 poetae,
532 2190 704 2267 negotiuqm
739 2222 806 2256 illis
841 2222 941 2256 exhi-

132 2271 264 2304 buisset
299 2269 474 2303 abundans
507 2269 618 2313 longis
650 2269 789 2314 syllabis
824 2268 941 2312 lingua

133 2328 270 2360 graeca.
303 2327 422 2349 verum
440 2314 496 2348 hic
517 2326 627 2359 neque
648 2316 765 2359 gravis
789 2320 840 2347 est
862 2325 941 2347 sen-

133 2361 261 2402 tentia,
298 2373 361 2395 nec
396 2362 577 2394 verborum
610 2361 742 2394 indoles
773 2361 872 2401 talis,
902 2363 941 2392 ut

134 2407 341 2442 necessitate
387 2407 531 2451 quadam
572 2406 765 2451 compulsus
809 2416 940 2439 versum

136 2454 299 2488 elumbem
325 2452 531 2497 procuderet
554 2463 695 2496 magnus
720 2452 847 2486 artifex
865 2452 940 2485 Ho-

135 2511 258 2534 nurus.
293 2498 421 2543 quippe
445 2498 478 2531 iu
502 2504 633 2542 promtu
659 2504 736 2531 erat
759 2499 893 2531 dicere·

281 2547 400 2579 ταῦτα
425 2543 464 2579 δε
488 2544 737 2587 μαντεύεσθαι
762 2543 831 2589 ἐγώ
857 2542 917 2579 σέο

357 2590 493 2626 πολλὸν
519 2589 624 2634 ἅμείι
629 2603 691 2624 ων.

138 2636 233 2692 atqui
258 2636 307 2670 sic
340 2637 429 2670 solet
454 2636 579 2671 dicere.
615 2637 656 2670 Il.
682 2633 736 2678 η’,
762 2635 861 2671 114.·
886 2633 944 2679 ε’ῤ-

138 2682 197 2737 ριγ
243 2681 500 2738 ἀντιβολῆσαι,
534 2681 624 2725 ὅπερ
656 2682 734 2717 σέο
771 2681 944 2717 πολλου

139 2725 369 2783 ἀμείνων
398 2729 435 2762 ΙΙ.
457 2727 493 2763 π’
505 2730 641 2770 ,709..·
675 2724 763 2762 οὐδ’
792 2725 860 2762 ὑπ’
893 2725 946 2762 'A-

139 2775 308 2818 χιλλῆος,
347 2771 458 2816 ὅσπερ
492 2774 569 2810 σέο
603 2774 778 2810 πολλὸν
817 2772 946 2828 ἀμεί-

142 2833 244 2854 νων.
280 2821 317 2854 ΙΙ.
357 2819 416 2864 φ’,
447 2823 544 2856 107..
578 2820 745 2857 κάτθανε
777 2820 839 2855 καὶ
864 2818 945 2855 Πά-

142 2864 402 2909 τροκλος,όπερ
426 2867 503 2903 σέο
528 2866 707 2902 πολλον
730 2864 946 2910 αμείνων.

143 2912 273 2956 pariter
305 2919 454 2947 extremo
489 2915 686 2948 hexametro
719 2915 828 2947 verba
857 2916 946 2948 πολ-

143 2958 206 2993 λον
243 2957 404 3003 α’μείνων
431 2959 589 3004 leguntur
613 2960 653 2994 ll.
678 2957 717 3003 ζ’,
742 2960 821 2996 479.
845 2965 881 2995 et
904 2958 945 2999 λ’,

732 108 1144 150 ΟΜΗΡΟΥ

969 803 1063 844 786.,
1104 814 1168 836 nec
1209 801 1289 836 alibi
1334 803 1447 847 posita
1487 802 1665 847 reperitur
1707 811 1774 834 vox
1800 790 1813 832 ἕ

970 847 1150 892 ἀμείνων,
1181 849 1341 893 frequens
1364 849 1422 882 illa
1447 859 1503 894 ap.
1537 848 1649 889 Hom.‚
1673 857 1776 900 prae—

969 900 1127 950 terquam
1151 896 1262 928 tribus
1286 895 1320 927 in
1345 894 1451 935 locis,
1493 891 1536 934 6¹,
1561 893 1655 933 334,
1681 892 1723 925 Il.
1736 890 1776 932 ε’,
1806 898 1812 906 “

968 941 1050 982 411,
1073 939 1128 984 ψ’,
1153 942 1232 976 315.
1225 964 1246 984 .,
1271 953 1362 985 quae
1393 940 1470 973 loca
1495 917 1657 984 ejusmodi
1683 942 1776 979 sunt,

969 993 1008 1020 ut
1031 987 1111 1029 vix,
1146 992 1182 1020 et
1205 999 1248 1020 ne
1271 986 1343 1019 vix
1354 986 1512 1030 quidem,
1546 985 1649 1018 aliter
1671 983 1778 1017 collo-

969 1033 1045 1066 cari
1079 1043 1146 1066 'vox
1178 1032 1246 1066 ista
1291 1032 1446 1075 potuisse
1480 1031 1652 1064 videatur.
1695 1028 1778 1073 quid

973 1078 1082 1122 igitur
1105 1090 1230 1112 causae
1252 1078 1358 1111 fuisse
1384 1078 1558 1119 dicamus,
1590 1087 1650 1110 cur
1674 1078 1780 1120 poeta

974 1130 1120 1158 mutaret
1154 1124 1281 1157 clausu.
1288 1136 1340 1157 am
1375 1123 1535 1156 usitatam
1568 1126 1674 1165 atque
1709 1121 1780 1154 ele-

974 1175 1111 1214 gantem
1146 1171 1333 1202 versuum?
1376 1170 1534 1213 profecto
1566 1168 1688 1201 nullam
1721 1178 1780 1200 re-

975 1216 1100 1260 perias,
1125 1215 1186 1248 sed
1210 1215 1427 1248 familiariter
1449 1215 1610 1251 dixerunt
1636 1211 1782 1254 librarii,

975 1262 1069 1306 quod
1092 1261 1152 1294 ille
1185 1267 1306 1294 ornate
1331 1259 1533 1300 extulisset,
1566 1271 1629 1292 nec
1652 1259 1783 1301 majore

975 1319 1073 1352 quarn
1097 1306 1183 1340 alias
1203 1306 1368 1349 religione
1390 1306 1616 1339 observarunt
1635 1305 1783 1348 positum

973 1354 1166 1386 verborum
1214 1352 1387 1385 Porsonus
1420 1351 1530 1394 praef.
1561 1351 1728 1383 Hecubae
1749 1361 1782 1395 p.

974 1398 1089 1432 XIV*
1124 1398 1226 1441 „Hoc
1258 1397 1362 1430 semel
1395 1396 1642 1430 observandum
1678 1400 1745 1436 est,
1757 1396 1784 1415 ‘⁶

974 1445 1108 1488 inquit,
1147 1443 1256 1483 ‚.nihil
1294 1450 1361 1476 tarn
1396 1444 1596 1487 frequenter
1619 1441 1654 1475 in
1679 1442 1786 1474 libra-
1822 1480 1826 1491 .

974 1491 1045 1523 rios
1071 1490 1195 1523 cadere
1219 1501 1320 1533 quam
1344 1490 1528 1522 verborum
1550 1488 1701 1521 ordinem
1722 1486 1786 1520 im-

975 1542 1120 1569 mutare
1154 1535 1243 1567 hunc
1278 1546 1427 1568 errorem
1461 1534 1512 1567 illi
1548 1533 1702 1576 quidem,
1727 1531 1787 1566 ubi

977 1581 1306 1621 animad'ſtrerterunt
1331 1580 1464 1624 aliqua·
1472 1579 1515 1612 lo
1537 1579 1647 1612 literis
1671 1590 1788 1612 nume-

978 1627 1109 1660 ralibus
1133 1626 1312 1667 indicaut3
1347 1627 1407 1659 sed
1434 1626 1492 1658 h..
1525 1631 1623 1658 notas
1656 1624 1703 1664 ii,
1728 1623 1787 1668 qui

978 1679 1100 1717 postea
1137 1672 1287 1705 codicem
1313 1672 1535 1711 exscribunt,
1567 1671 1647 1704 dum
1672 1669 1716 1703 ad
1742 1671 1787 1704 fi-

979 1731 1052 1752 nem
1078 1718 1192 1762 operis
1218 1723 1427 1762 properant,
1463 1729 1568 1761 saepe
1592 1715 1786 1760 negligunt.
1822 1730 1825 1738 ·

979 1765 1151 1798 tutissima
1191 1765 1334 1808 proinde
1380 1763 1579 1808 corrigendi
1609 1763 1703 1796 ratio
1735 1767 1788 1796 est
1822 1759 1825 1766 ¹

979 1812 1197 1851 vocularum,
1231 1811 1260 1842 si
1294 1821 1379 1853 opus
1411 1815 1480 1846 est.
1516 1809 1786 1852 transpositio.“

981 1868 1080 1901 quem
1116 1856 1159 1889 ad
1201 1857 1309 1888 locum
1347 1867 1381 1888 v.
1418 1855 1579 1888 Schal'eri
1624 1858 1790 1888 annotata.

981 1902 1095 1935 indice
1121 1913 1153 1945 p.
1181 1903 1272 1942 129„
1298 1913 1452 1945 quosque
1475 1900 1524 1935 ibi
1551 1906 1711 1934 auctores
1735 1899 1788 1933 ci-
1822 1899 1826 1927 ἓ

982 1948 1089 1989 tavit,
1121 1947 1360 1981 Ruhnkenium
1395 1958 1472 1980 ann.
1507 1947 1550 1980 ad
1583 1946 1691 1980 Rutil.
1717 1947 1789 1980 Lu·
1822 1975 1824 1982 s

985 2005 1062 2039 pum
1099 2005 1130 2037 p.
1167 1994 1262 2034 107„
1303 1998 1338 2026 et
1369 1994 1599 2027 Hermannum
1634 2003 1714 2025 ann.
1744 1992 1789 2025 ad
1821 1991 1825 2038 J

985 2040 1158 2083 Aristoph.
1185 2039 1278 2073 Nub.
1306 2040 1404 2074 1309.
1431 2051 1569 2083 quorum
1596 2039 1661 2071 hac
1684 2038 1728 2070 de
1751 2049 1790 2072 re

984 2087 1185 2119 sententiam
1221 2091 1255 2118 et
1284 2086 1361 2129 ipse
1384 2085 1508 2130 passim
1532 2083 1732 2118 confirmavi
1756 2084 1792 2117 in

985 2131 1337 2166 animadversionibus
1376 2132 1420 2164 ad
1468 2133 1588 2176 poetas
1636 2130 1792 2164 scenicos
1822 2124 1825 2133 ¹

986 2179 1209 2210 Graecorum.
1245 2177 1459 2210 memorabile
1494 2176 1680 2221 exemplum
1711 2187 1793 2209 ver-
1824 2208 1825 2211 ,

986 2235 1081 2257 suum
1100 2225 1325 2279 trajectorum
1336 2223 1417 2256 vide
1438 2223 1474 2256 in
1491 2222 1558 2256 fine
1580 2190 1679 2265 liujus
1699 2221 1792 2255 libri.
1823 2218 1826 2226 ’

1035 2270 1248 2305 181—186.
1305 2267 1509 2309 ὄρνιθες
1536 2288 1581 2293 -
1609 2266 1793 2302 ἐναίσι-

986 2328 1076 2359 μοι.
1115 2316 1179 2348 hoc
1205 2326 1288 2348 sane
1321 2327 1438 2348 verum
1464 2319 1539 2354 est;
1572 2313 1633 2347 sed
1658 2313 1795 2358 aquilae

987 2362 1121 2406 (uidem
1155 2360 1357 2403 ἐναίσιμοι,
1389 2363 1419 2394 si
1452 2372 1539 2405 quae
1574 2361 1664 2393 aliae
1699 2371 1794 2393 aves.
1821 2358 1825 2390 Ι

987 2408 1170 2441 cavillatur
1195 2407 1302 2450 igitur
1321 2407 1525 2440 Alithersem
1548 2406 1795 2464 Eurymachus.
1822 2409 1823 2413 ’

987 2454 1039 2486 E:
1073 2454 1274 2497 σημείωσαι
1306 2451 1346 2487 δε
1370 2453 1454 2493 καὶ,
1488 2451 1538 2491 ὡς
1563 2450 1716 2491 αστείως
1739 2450 1797 2487 ἐν·
1821 2450 1826 2474 ¹

986 2500 1116 2533 ταῦθα
1148 2501 1393 2543 παρείληπται
1433 2499 1559 2542 (secus
1593 2502 1796 2554 usurpatum

989 2547 1069 2588 est)
1093 2544 1134 2580 τὸ
1161 2544 1254 2588 ὅρν.
1286 2545 1462 2585 πολλοὶ,
1488 2546 1563 2585 ινα,
1586 2545 1621 2579 εἰ
1643 2542 1710 2587 μὲν
1731 2540 1797 2585 ὄρ-

988 2595 1100 2632 νιθας
1123 2591 1252 2635 νοήσοι
1277 2605 1331 2632 τις
1355 2589 1480 2630 ἁπλῶς
1502 2605 1547 2626 τα
1573 2589 1715 2635 πτηνοὶ,
1737 2590 1795 2646 εἴη
1821 2596 1823 2602 ’

992 2635 1130 2694 ἀληθὲς
1155 2652 1204 2678 ως
1228 2636 1272 2672 οὕ
1297 2637 1432 2678 πάντες
1456 2637 1662 2680 ἐναίσιμοι·
1698 2636 1732 2670 εἰ
1754 2635 1796 2671 δὲ

991 2683 1142 2727 ὄρνιθες
1164 2687 1340 2741 νοηθεῖεν
1365 2685 1402 2720 οὶ
1426 2685 1494 2720 τοῦ
1517 2682 1709 2726 μέλλοντος
1725 2683 1795 2727 δη-

992 2732 1163 2772 λωτικοι,
1197 2729 1288 2765 καθ’
1316 2728 1338 2766 ὃ
1362 2730 1632 2788 σημαινόμενον
1655 2729 1796 2772 εἴρηται
1820 2746 1826 2770 χ

992 2777 1034 2812 τὸ
1100 2776 1372 2821 θάμβησαι
1418 2797 1460 2803 -
1511 2775 1797 2819 ὀφθαλμοῖς

991 2824 1131 2868 (155),
1172 2822 1358 2868 ψεύδηται
1391 2821 1411 2859 ὃ
1438 2819 1671 2867 Ευρύμαχος.
1704 2821 1796 2855 idem

991 2874 1155 2904 memorat
1187 2869 1310 2904 similia
1353 2882 1409 2915 ap.
1446 2869 1553 2914 Soph.
1584 2867 1722 2922 Oedipo
1755 2868 1798 2901 R.

991 2918 1059 2951 899
1083 2935 1127 2940 -
1157 2917 1224 2951 919
1257 2921 1293 2950 et
1315 2916 1423 2962 ipsum
1447 2915 1547 2949 Hom.
1582 2914 1621 2947 ll.
1647 2912 1704 2956 μ’,
1727 2911 1811 2957 23Ίῇ

992 2961 1128 2999 —243.
1154 2963 1199 2996 cf.
1221 2962 1344 3008 Eurip.
1361 2961 1439 2996 Hel.
1459 2961 1658 2998 695—708
1678 2964 1744 2994 etc.
1755 2977 1811 3009 -a
