1856 3282
749 150 1147 194 ΟΜΗΡΟΥ

281 255 325 297 οἱ
352 252 396 298 δ’
425 255 508 298 αἰεὶ
535 257 653 312 παρὰ
680 260 813 315 πατρὶ
844 260 960 316 φίλῳ
989 263 1062 305 καὶ
1092 262 1241 319 μητέρι
1270 267 1402 322 κεδνῇ

279 313 529 360 δαίνυνται,
558 314 678 368 παρα
709 317 754 359 δέ
785 328 893 373 σφιν
921 317 1097 362 ὀνείατα
1126 323 1262 376 μυρία
1291 328 1441 372 κεῖται,

198 372 250 411 10
279 372 486 423 κνισσῆεν
514 369 560 412 δέ
588 387 633 414 τε
662 373 799 429 δῶμαἡ
814 377 1199 430 περιστεναχίζεται
1228 377 1339 435 αὔλῃ

279 421 444 477 ἤματα·
474 424 638 478 νύκτας
668 428 711 471 δ’
741 431 846 472 αὐτε
873 429 980 484 παρ’
1012 435 1183 489 αἰδοίῃς
1213 432 1439 489 ἀλόχοισιν

281 477 465 523 εὕδουσ’
493 482 540 524 ἔν
568 500 613 527 τε
641 483 802 540 τάπησι
830 487 905 529 καὶ
934 487 981 530 ἐν
1008 495 1185 544 τρητοῖς
1213 491 1410 544 λεχέεσσι.

277 536 352 579 καὶ
379 538 459 591 μὲν
486 542 576 582 τῶν
607 539 822 596 ἱκόμεσθα
852 545 982 586 πόλιν
1010 547 1084 587 καὶ
1114 546 1292 601 δώματα
1320 547 1457 591 καλά’

273 596 393 647 μῆνα
422 594 468 637 δὲ
496 595 628 640 πάντ’
658 597 797 654 ἐφίλει
826 615 897 654 με,
937 601 1011 643 καὶ
1040 602 1269 656 ἐξερέεινεν
1299 603 1470 658 ἕκαστα,

194 651 246 693 15
265 646 418 699 Ἴλιον,
445 648 650 707 Ἀργείων
678 670 723 698 τε
753 654 872 708 νέας,
904 657 976 700 καὶ
1004 657 1165 701 νόστον
1191 657 1384 714 Ἀχαιῶν,

274 706 348 747 καὶ
376 706 456 761 μὲν
485 708 569 763 ἐγώ
605 714 667 767 τῷ
695 709 838 754 πάντα
866 712 978 756 κατὰ
1007 720 1168 770 μοῖραν
1197 716 1413 768 κατέλεξα.

277 759 377 804 ἀλλ’
409 763 479 806 ὅτε
508 765 560 821 δή
589 767 664 809 καὶ
694 767 776 823 ἐγώ
809 766 917 813 ὁδὸν
946 769 1095 826 ᾔτεον,
1124 770 1198 827 ἠδ’
1228 772 1430 816 ἐκέλευον

271 818 512 875 πεμπέμεν,
544 821 648 864 οὐδέ
675 840 718 866 τι
745 830 889 875 κεῖνος
918 825 1129 880 ἀνήνατο,
1157 832 1278 883 τεῦχε
1309 830 1355 873 δὲ
1384 828 1574 885 πομπήν.

275 875 388 917 δῶκέ
418 893 495 930 μοι
525 878 718 933 ἐκδείρας
748 879 889 924 ἀσκὸν
917 883 1024 937 βοός
1053 883 1298 937 ἐννεώροιο,

193 936 248 975 20
278 930 388 974 ἔνθα
417 933 464 974 δὲ
493 934 694 987 βυκτάων
724 936 896 993 ἀνέμων
923 940 1132 995 κατέδησε
1159 942 1367 985 κέλευθα·

275 992 424 1030 κεῖνον
453 989 538 1044 γὰρ
567 993 726 1048 ταμίην
755 992 928 1046 ἀνέμων
962 998 1115 1051 ποίησε
1145 1000 1367 1052 Κρονίων,

273 1042 383 1098 η’μὲν
411 1048 672 1103 παυέμεναι,
708 1047 786 1105 ἠδ’
816 1049 1029 1105 ὀρνύμεν,
1062 1053 1114 1095 ὅν
1144 1053 1183 1096 κ’
1215 1053 1399 1110 ἐθέλῃσι.

274 1102 351 1155 νηῒ
378 1098 422 1143 δ’
451 1102 515 1145 ἐνὶ
543 1108 751 1162 γλαφυρῇ
779 1107 949 1150 κατέδει
979 1109 1157 1164 μέρμιθι
1188 1116 1360 1167 φαεινῇ,

275 1153 493 1214 ἀργυρέῃ,
526 1160 598 1202 ἵνα
625 1162 726 1216 μήτι
752 1164 1038 1220 παραπνεύσῃ
1068 1163 1219 1221 ὀλίγον
1248 1183 1350 1220 περ’

189 1215 244 1256 25
275 1211 417 1269 αὐτὰρ
449 1215 544 1270 ἐμοὶ
573 1217 734 1273 πνοιὴν
765 1220 958 1275 ζεφύρου
988 1220 1200 1278 προέηκεν
1230 1222 1373 1279 ἀῆναι,
1432 1263 1435 1269 .

100 1379 284 1423 οἷκοίτιας.
318 1383 447 1420 Matth.
473 1397 508 1431 p.
531 1388 588 1422 96.
611 1407 654 1413 —
703 1384 907 1426 ὄνείατα,

100 1427 162 1470 α’,
185 1430 263 1464 149.
291 1449 328 1455 —
376 1434 449 1465 Am.
484 1432 553 1472 Q:
586 1435 788 1478 κνισῆεν.
828 1437 908 1480 (sic.

99 1485 134 1509 v,
161 1485 238 1509 ann.
264 1476 309 1509 ad
334 1476 373 1510 u.
398 1476 444 1519 α’,
469 1479 543 1522 66.)
567 1476 650 1524 ἤτοι
676 1480 859 1527 εὔοσμον,
885 1481 907 1526 ἢ

95 1520 227 1566 κνίσης
249 1522 404 1566 μέτοχον
429 1526 562 1568 (recte)
596 1526 661 1561 διὰ
691 1527 731 1564 τὸ
763 1532 910 1575 πλῆθος

95 1566 176 1602 τῶν
209 1569 418 1612 φυομένων.
463 1571 579 1614 (ἱαιοε
603 1575 746 1619 θυαμ.)
779 1589 864 1618 περ
877 1589 909 1611 ι·-

95 1617 451 1658 στεναχίζεται.
497 1622 723 1663 περιηχεῖται
760 1620 799 1656 ἐκ
838 1622 909 1657 τοῦ

93 1662 205 1694 λαοῦ.
230 1661 352 1703 (scrib.
378 1659 528 1706 αὐλοῦ).
566 1676 600 1700 ν.
622 1666 725 1700 Schn.
749 1679 782 1701 v.
807 1680 907 1712 περι-

95 1705 270 1747 στενάζω.
300 1707 341 1742 11.
364 1707 408 1754 β’,
429 1710 508 1743 95.=
532 1710 691 1757 τετρήχει
711 1711 749 1747 δ’
776 1711 906 1758 ἀγορή,

95 1749 172 1786 ‘tineo
209 1753 248 1787 δὲ
279 1756 505 1799 στεναχίζετο
528 1760 635 1800 γαῖα,
669 1761 780 1794 Λαῶν
810 1760 907 1803 ἱζόν-

93 1811 184 1832 των.
205 1818 251 1823 -
274 1798 355 1833 dedi
380 1800 496 1846 αὔλῃ
517 1814 578 1847 pro
599 1801 706 1851 αὐλῇ,
732 1809 823 1850 quod
845 1810 906 1840 ha-

95 1844 182 1878 bent
204 1844 328 1885 codd.‚
351 1852 496 1881 auctore
518 1850 705 1894 Schafer03
728 1853 760 1885 h.
782 1865 811 1886 e.
837 1851 907 1887 αὕ-

94 1889 219 1934 λήσει,
255 1897 361 1926 cantu
393 1895 576 1935 tibiarum,
617 1899 907 1941 quemadmodum,

96 1942 241 1970 notante
267 1938 332 1978 B.‚
355 1939 587 1974 Philostratus
612 1943 770 1977 Heroicis
794 1957 827 1989 p.
853 1947 906 1980 12.

96 1980 224 2027 ἄνθην
247 1983 336 2017 dixit
360 1982 540 2029 ἄνθησιν,
566 1994 714 2033 notaque
736 1995 816 2023 sunt
839 1992 907 2024 alia

95 2028 133 2063 id
165 2040 276 2072 genus
309 2032 496 2071 vocabula,
536 2044 678 2077 quorum
718 2037 906 2070 retrahitur

95 2081 272 2110 accentus.
316 2076 383 2110 lex.
408 2078 562 2122 Sophist.
588 2092 620 2125 p.
647 2081 748 2116 464:
776 2081 906 2126 αὔξην,

94 2121 160 2156 καὶ
180 2119 326 2165 ἄνθην,
354 2125 415 2158 καὶ
434 2123 606 2169 βλάστην.
638 2133 906 2171 προοξυτονεῖν

95 2165 246 2210 ἀξιοῦσι
270 2167 395 2204 πάντα
417 2170 463 2205 τοὶ
487 2173 655 2207 τοιαῦτα.
681 2193 726 2198 -
766 2174 906 2220 τάπη-

95 2224 153 2248 σι.
189 2212 236 2255 δ’,
260 2216 329 2250 124
347 2224 414 2251 etc.
434 2236 480 2241 —
522 2223 719 2264 τρητοῖς
742 2224 831 2267 λεχ.
861 2221 906 2268 γ’,

94 2261 165 2295 899
191 2265 259 2295 etc.

144 2306 310 2341 13—27.
352 2306 433 2343 καὶ
456 2307 561 2352 μὲν,
585 2308 647 2346 καὶ
670 2309 756 2356 μήν.
787 2313 832 2348 cf.
853 2315 904 2349 16.

93 2351 216 2385 Harl-2
240 2351 316 2387 καὶ
340 2356 373 2388 δ.
398 2354 525 2390 καλά.
559 2370 614 2401 γρ.
639 2359 717 2393 καὶ
739 2361 906 2404 τείχεα

93 2396 266 2441 μακροὶ.
299 2399 547 2446 dittographia.
564 2422 610 2428 —
641 2402 780 2440 πάντ’
805 2405 905 2450 ἐφί-

93 2446 164 2478 λει
185 2456 250 2488 με.
299 2445 397 2479 libri:
422 2446 546 2482 πάντα
570 2451 668 2493 φίλει
690 2463 745 2494 με.
795 2452 905 2496 negli-

93 2501 178 2534 gere
203 2490 315 2525 solent
347 2491 479 2526 librarii
504 2497 749 2541 apostrophum
775 2498 844 2541 ¹(v.
869 2496 905 2540 ι’,

93 2536 217 2579 355.),
241 2537 360 2581 itaque
385 2539 618 2584 scripserunt,
644 2550 747 2586 puto:
782 2544 906 2579 πάντα

92 2581 214 2625 ἐφίλει
237 2595 298 2625 με,
334 2583 457 2619 deinde
483 2588 605 2630 paeoni
639 2594 834 2628 corrector,
867 2597 906 2625 ut

94 2634 173 2664 erat
196 2629 248 2662 rei
266 2629 426 2664 metricae
451 2632 593 2676 peritus,
618 2634 766 2668 fortasse
791 2644 826 2669 et
850 2637 905 2670 ῐο-

94 2673 234 2707 uismum
258 2676 384 2709 nullum
408 2683 580 2720 sectatus,
607 2680 704 2722 pejus
723 2682 905 2716 remedium

94 2719 261 2753 adhibuit.
309 2732 420 2766 neque
456 2723 542 2757 enim
584 2726 787 2760 obtrudendi
826 2734 905 2762 sunt

96 2765 246 2799 Homero
279 2768 407 2801 numeri
437 2770 545 2803 talesz
578 2773 678 2816 μῆνα
705 2773 710 2816 Ι
739 2772 779 2808 δὲ
809 2774 904 2809 παι·-

97 2824 144 2845 ta
166 2813 170 2854 Ι
193 2813 290 2854 φίλει
312 2825 356 2855 με
377 2815 382 2857 Ι
405 2839 414 2848 .
440 2835 485 2840 —
526 2814 812 2861 ἐξερέεινεν,
845 2832 903 2853 cx-

97 2857 266 2900 quirebat.
289 2858 339 2903 μ’,
361 2861 441 2902 259,
466 2862 504 2895 11.
531 2861 568 2904 ι’,
589 2865 656 2898 672
677 2871 744 2899 etc.
767 2886 803 2891 -
830 2870 902 2899 Am.

98 2903 166 2936 B..·
202 2901 357 2941 Ἴλιον.
393 2907 478 2949 περὶ
508 2910 573 2953 τῆς
593 2909 714 2945 Ἰλίου.
741 2931 784 2936 —-
823 2909 903 2953 Ἀρ-

98 2950 239 2992 γείων
262 2969 308 2975 —
330 2950 534 2996 Ἀχαιῶν.
576 2957 664 2990 bene
695 2969 758 2990 nec
789 2958 904 2991 omisit

99 2993 142 3030 τὸ
165 2992 323 3040 Ἀχαιῶν,
348 3000 438 3042 quod
465 3002 580 3044 potuit
603 3003 698 3036 salva
719 3004 902 3046 sententia,

957 1403 1020 1426 nec
1043 1392 1128 1426 dixit
1160 1392 1326 1435 ἐκείνων,
1355 1393 1419 1427 sed
1451 1393 1518 1427 duo
1550 1392 1761 1427 Graecorum

954 1438 1088 1472 nomina
1113 1441 1241 1484 posuit,
1268 1451 1336 1484 quo
1362 1440 1397 1473 id
1417 1439 1554 1479 effecit,
1576 1444 1618 1472 ut
1640 1438 1761 1472 audire

954 1485 1051 1517 nobis
1066 1486 1225 1529 Ulyssem
1246 1485 1432 1528 videamur,
1451 1484 1594 1519 alternis
1609 1485 1642 1518 in
1659 1495 1760 1518 cursu

954 1531 1158 1565 narrationis
1183 1544 1266 1566 suae
1291 1537 1440 1565 utentem
1468 1531 1535 1565 illis
1562 1531 1756 1564 nominibus.

952 1595 999 1601 —-
1030 1577 1149 1612 κατὰ
1178 1581 1368 1622 μοῖραν.
1410 1576 1466 1622 β’,
1499 1579 1567 1611 251
1605 1583 1672 1610 etc.
1710 1593 1756 1600 —

952 1619 1050 1656 ἀλλ’
1083 1621 1156 1658 ὅτε
1188 1642 1234 1649 —
1257 1623 1422 1668 ᾔτεον,
1456 1623 1516 1656 sed
1551 1622 1688 1666 quando
1723 1626 1757 1655 et

953 1680 1031 1711 ege,
1048 1668 1196 1703 vicissim
1214 1670 1343 1714 aliquid
1361 1676 1495 1713 potem,
1512 1674 1551 1702 ut
1564 1667 1622 1702 ine
1638 1677 1756 1721 narra-

951 1714 1078 1748 tionem
1104 1716 1182 1749 belli
1202 1716 1358 1758 Troiani,
1379 1717 1598 1759 postulabam
1621 1723 1758 1746 ventam

949 1762 1195 1804 proficiscendi,
1218 1759 1373 1796 ὁδόν.-
1397 1761 1516 1795 δῶκέ
1540 1771 1633 1804 μοι.
1654 1770 1758 1802 asyn-

953 1807 1056 1839 deton
1083 1808 1354 1851 epexegeticum.
1393 1805 1636 1849 ἐκδείρας,
1661 1816 1758 1838 cxco-

951 1854 1093 1892 riatnm,
1117 1865 1216 1898 quem
1241 1854 1339 1887 modo
1357 1853 1528 1887 excoriari
1542 1854 1695 1904 jusserat
1715 1851 1759 1884 ad

953 1909 1046 1931 usum
1065 1900 1177 1941 illum;
1201 1911 1267 1932 non
1285 1905 1449 1939 veterem,
1473 1900 1581 1932 minus
1603 1896 1760 1954 sohdmn.

952 1962 997 1967 —
1022 1943 1162 1979 ἐννεοό
1176 1958 1281 1988 ροιο
1295 1971 1304 1986 ,
1337 1946 1512 1979 novennis.
1545 1943 1687 1985 390‚1¹.
1713 1954 1758 1985 σ,

951 1990 1031 2025 351.
1064 2002 1098 2024 v.
1122 2004 1198 2025 ann.
1224 1992 1268 2026 ad
1294 1992 1333 2025 ΙΙ.
1358 1991 1402 2038 β’,
1427 1993 1505 2026 403.
1527 2010 1571 2016 -
1589 1987 1757 2046 ,βυκτά-

953 2048 1024 2070 ων.
1066 2037 1198 2082 βύκται
1230 2037 1361 2080 ἄνεμοι
1393 2034 1416 2080 ἣ
1448 2036 1542 2072 κατὰ
1576 2047 1757 2078 ονοματο-

951 2082 1078 2117 ποιΐαν
1103 2084 1138 2117 οἱ
1162 2084 1352 2128 η’χητικοὶ,
1390 2082 1411 2128 ἢ
1446 2083 1482 2118 οὶ
1514 2082 1671 2126 σφοδροὶ
1695 2081 1757 2136 “fa

950 2127 1046 2163 κατὰ
1070 2130 1192 2175 βυθοῦ
1216 2129 1336 2165 οέϊκτοὶ
1357 2136 1422 2165 etc.
1460 2132 1544 2174 Ap.=
1570 2139 1756 2186 φυσητφν.

952 2175 1068 2218 Etym.
1093 2178 1161 2210 M:
1186 2176 1333 2221 βόκτης.
1367 2173 1556 2222 η’χητικὸς,
1579 2187 1599 2208 ο
1617 2176 1758 2231 μεγαλα

952 2219 1054 2264 η’χῶν
1071 2228 1137 2255 etc.
1178 2235 1208 2256 v.
1229 2224 1333 2256 Schn.
1357 2234 1392 2256 v·
1413 2222 1523 2266 βύζω.
1541 2239 1585 2245 -
1609 2224 1756 2255 κελευ-

952 2269 1037 2308 θα,
1063 2269 1150 2310 viem,
1175 2269 1334 2313 impetum
1360 2268 1462 2302 eundi
1484 2278 1544 2301 seu
1568 2266 1688 2307 flandi,
1712 2265 1757 2300 ab

953 2313 1088 2347 effectu.
1110 2333 1153 2338 —
1192 2316 1366 2358 ταμίην
1400 2316 1548 2358 figurate
1578 2312 1667 2346 dixit
1687 2323 1757 2357 gu-

952 2360 1178 2396 bernatorem.
1213 2373 1245 2394 v.
1269 2372 1345 2394 ann.
1364 2361 1407 2394 ad
1426 2360 1466 2393 ll.
1483 2357 1526 2399 τ’,
1543 2358 1600 2393 44.
1632 2358 1754 2412 „Yirg

951 2407 1034 2439 Aen.
1063 2409 1100 2446 1,
1127 2408 1203 2440 69st
1233 2409 1355 2440 Aeolo.-
1379 2417 1528 2450 namque
1550 2405 1615 2438 tibi
1637 2405 1755 2438 dwam

947 2457 1051 2495 pater
1074 2457 1176 2495 atque
1194 2453 1367 2486 hominum
1385 2464 1445 2486 rex
1463 2453 1508 2485 Et
1526 2452 1673 2484 mulcere
1694 2451 1756 2484 de-

951 2499 1004 2530 dit
1020 2499 1168 2541 fluctus,
1196 2505 1228 2532 et
1253 2501 1371 2532 tollere
1394 2499 1543 2532 vento-‘⁸
1578 2497 1607 2529 E:
1631 2497 1684 2530 Ci.
1709 2514 1754 2521 —-

950 2541 1119 2586 μέρμις
1148 2545 1352 2588 μέρμιθος,
1384 2550 1422 2578 ut
1453 2542 1554 2588 ὅρνις
1585 2541 1753 2585 ὄρνιθος,

950 2590 1141 2634 interprete
1165 2591 1205 2623 E.
1231 2595 1284 2625 est
1307 2590 1490 2634 μήρινθος
1522 2585 1546 2633 ἦ
1569 2591 1675 2644 μίτος
1696 2591 1751 2623 λε-

950 2633 1044 2679 πτή,
1078 2636 1252 2681 γινομένη
1277 2636 1379 2680 παρὰ
1408 2635 1451 2672 τὸ
1483 2636 1569 2679 εἴρω
1594 2635 1696 2689 ἑρμις
1717 2647 1749 2668 κ.

950 2681 1097 2725 μέρμις,
1124 2681 1146 2725 ἡ
1173 2683 1358 2728 δυναμένη
1383 2684 1585 2724 διείρεσθαι
1608 2683 1673 2717 δια
1694 2681 1751 2714 λε-

949 2727 1121 2770 πτότητα.
1147 2730 1183 2772 (Ρ
1201 2742 1231 2763 ν.
1249 2731 1351 2764 δοὶιη.
1381 2742 1411 2763 ν.
1431 2729 1647 2783 μήρινθος.)
1681 2729 1752 2760 Am.

950 2776 1013 2808 B.=
1047 2774 1258 2819 μέρμιθι.
1305 2779 1451 2819 σχοινίῳ
1487 2775 1570 2829 ἤτοι
1597 2785 1752 2816 συρματι

951 2819 1107 2864 ἀργυρῷ.
1158 2819 1243 2866 ἇργ
1257 2823 1377 2868 υρέῃ.
1420 2824 1480 2858 ἵνα
1521 2833 1572 2864 μη
1614 2818 1751 2874 ἐκείνοι

949 2869 1142 2910 δυνηθῶσι
1176 2869 1422 2912 βαστάξαντες
1452 2866 1654 2922 αἰσθέσθμι
1685 2878 1752 2921 της

948 2912 1202 2959 κουφότητος,
1226 2913 1449 2960 ἀπατηθῶσί
1466 2926 1505 2949 τε
1523 2913 1567 2958 τῇ
1592 2923 1750 2969 αργυρεᾳ

947 2959 1112 3003 μέρμιθι.
1137 2980 1183 2987 —-
1224 2972 1355 2995 rursum
1389 2962 1440 2995 E:
1471 2971 1652 3003 πνοιην
1683 2960 1749 3000 ζε-

949 3005 1116 3051 φύρου.
1154 3004 1306 3052 ἀφίεται
1329 3006 1452 3044 πνέειν
1482 3006 1657 3051 ζέφυρος,
1688 3002 1752 3040 οἷα
