1856 3282
84 134 143 174 u

721 135 1121 177 ΟΜΗΡΟΥ

256 237 466 291 Κώκυτός
497 239 564 294 θ’,
595 241 644 296 ὃς
674 245 747 301 δή
757 243 931 297 Στυγὸς
959 242 1120 294 ὕδατός
1149 243 1265 287 ἐστιν
1294 244 1527 302 ἆποῤῥιόξ·

146 299 229 341 515
259 297 282 320 *
311 296 444 367 πέτρη
471 314 537 350 τε,
568 300 737 352 ξύνεσίς
765 318 809 344 τε
840 300 932 343 δύω
962 317 1170 370 ποταμων
1197 300 1466 354 ἐριδούπων·

258 352 369 395 ἔνθα
400 354 444 394 6’
476 354 642 406 ἔπειθ’,
673 358 816 412 ἥρως,
845 357 1077 425 χριμφθεὶς
1108 356 1265 411 πέλας,
1296 357 1356 409 σός
1387 371 1434 402 σε
1462 361 1639 416 κελεύω,

254 407 427 477 βόθρον
448 409 632 480 ὀρύξαι,
662 413 770 457 ὅσον
797 429 842 456 τε
870 412 1117 468 πυγούσιον
1146 413 1255 457 ε’νθα
1289 417 1361 459 καὶ
1391 417 1523 460 ἔνθα·

256 463 371 519 ἄμφ’
404 465 523 525 αὐτῷ
553 470 600 512 δὲ
629 472 737 526 χοὴν
768 474 938 525 χεῖσθαι
967 474 1100 512 πᾶσιν
1129 469 1340 522 νεκύεσσι,

254 526 406 575 πρῶτα
434 514 703 597 μελικρήτῳ,
733 527 969 595 μετέπειτα
986 526 1032 570 δὲ
1061 525 1160 582 ἡδέϊ
1187 528 1309 584 οἴνῳ,

140 583 224 624 520
252 595 302 622 το
333 580 481 632 τρίτον
511 582 619 625 αὕθ’
650 583 796 626 ὕδατι·
827 583 896 626 ἐπὶ
926 581 969 625 6¹
1001 582 1163 637 ἄλφιτα
1191 573 1325 626 λευκοὶ
1353 585 1574 629 παλύνειν

254 635 395 678 πολλοὶ
426 638 472 681 ὁὲ
501 643 779 692 γουνοῦσθαι
808 638 977 682 νεκύων
1010 638 1205 694 αμενηνά
1220 639 1417 711 κάρηνα,

251 691 394 735 ἐλθών
424 696 483 745 εἰς
509 695 709 763 Ἰθάκην,
744 702 917 749 στεῖραν
947 697 1081 766 βοῦν,
1109 695 1204 751 ἥτις
1233 694 1400 751 οἷρίστη

253 748 392 803 ῥέξειν
421 750 467 793 ἐν
497 751 747 823 μεγάροισι,
778 752 931 808 πυρήν
954 751 995 794 τ’
1027 752 1293 808 ἐμπλησέμεν
1322 753 1511 797 ἐσθλῶν

256 808 453 864 Τειρεσίη
485 807 527 851 δ’
557 808 811 853 ἀπάνευθεν
841 810 912 854 ὄϊν
941 809 1187 877 ἱερευσέμεν
1218 811 1298 865 οἴῳ

139 864 223 908 525
252 864 522 917 παμμέλαν’,
554 864 602 915 ὃς
633 866 810 920 μήλοισι
839 866 1097 922 μεταπρέπει
1127 855 1413 919 ὑμετέροισιν.

197 918 225 943 ιιι

256 918 412 991 auxeio„
427 920 538 975 ἐπήν
567 919 720 978 εὐχῇσι
748 926 847 979 λίση
876 924 1013 965 κλυτά
1042 923 1173 964 ε’θνεα
1201 927 1387 975 νεκρῶν,

256 974 353 1019 ἐνθ’
387 975 459 1020 ὄϊν
486 976 665 1032 α’ρνειόν
695 979 854 1034 ῥέζειν,
884 977 1030 1035 θηλύν
1062 994 1106 1022 τε
1135 977 1356 1035 μέλαιναν,

81 1087 396 1133 ριφλεγέθων.
438 1089 538 1134 Virg.
583 1093 667 1125 Aen.
710 1094 753 1130 6,
789 1091 894 1127 543..

81 1137 220 1179 respicit
242 1138 378 1168 Aeneas
401 1138 532 1179 subito,
557 1142 591 1170 et
615 1139 676 1170 sub
700 1150 787 1181 rupe
809 1140 895 1171 sini-

81 1187 156 1215 slra
180 1183 322 1215 Moenia
347 1184 422 1215 lata
444 1184 562 1222 videt,
597 1185 726 1226 triplici
749 1186 894 1216 circum-

81 1228 170 1261 data
189 1239 299 1270 muro,
327 1229 424 1269 Quae
448 1229 591 1272 rapidus
607 1231 762 1272 flammis
786 1231 896 1265 ambit

80 1275 289 1307 torrentibus
314 1275 425 1307 amnis
451 1276 642 1308 'Tartareus
668 1276 893 1320 Phlegethon,

79 1324 283 1364 torquetque
322 1322 482 1353 sonantia
512 1323 646 1354 sasa.“
676 1322 729 1354 Cl.
761 1340 806 1346 —
850 1322 893 1355 de

81 1368 194 1410 Styge
220 1366 346 1400 dictum
371 1368 414 1400 ad
439 1367 478 1401 Il.
507 1366 552 1413 β’,
576 1369 654 1403 755.
704 1369 750 1401 cf.
774 1368 814 1402 Il.
838 1368 893 1410 θ’,

124 1458 205 1493 515.
243 1457 331 1491 haec
356 1458 442 1491 male
460 1459 657 1492 cohaerent.
696 1458 892 1504 interpres:

74 1515 246 1547 rupesque
258 1509 310 1538 est
322 1511 354 1538 et
366 1517 546 1538 concursus·
558 1506 893 1549 duorumfluminnm

74 1561 288 1608 {onororum.
335 1551 459 1584 sumsit
498 1551 582 1585 illud
624 1558 674 1584 est
707 1563 748 1584 ex
785 1553 891 1585 verbo

74 1595 203 1640 ρὲονσι
241 1597 336 1640 (nam
361 1597 452 1641 quod
485 1597 520 1630 in
545 1598 780 1642 superioribus
803 1597 892 1641 legi-

38 1665 40 1667 >
76 1649 136 1676 tur
160 1641 258 1677 ἐστὶν
291 1654 358 1676 non
391 1649 508 1687 potest
531 1643 596 1676 huc
619 1643 788 1686 referri);
821 1655 890 1687 quo

76 1688 164 1722 nihil
188 1688 271 1733 fingi
297 1695 413 1734 potest
441 1689 603 1734 ineptius.
651 1695 687 1722 et
720 1690 890 1734 deprava-

75 1742 132 1768 tus
166 1740 220 1768 est
244 1734 301 1768 hic
330 1745 452 1767 versus
483 1741 519 1768 et
551 1736 802 1779 transpositus,
835 1735 891 1768 vel

75 1781 216 1826 potius,
251 1792 324 1814 cum
347 1781 438 1814 forte
463 1781 604 1814 omissus
628 1787 736 1816 esset.
773 1788 893 1824 postea

75 1839 144 1862 non
167 1837 231 1860 suo
256 1827 330 1860 loco
355 1826 574 1872 adscriptus,
608 1839 700 1860 more
733 1827 892 1861 librario·

75 1884 164 1907 rum.
211 1872 320 1912 dixit,
345 1873 486 1917 opinor,
512 1873 569 1907 hic
592 1880 728 1907 noster·

147 1915 262 1958 αὐτὸς
380 1939 462 1944 —
494 1918 692 1963 εὐρώεντα,

147 1965 283 2010 πέτρην
318 1977 377 2006 τε,
421 1963 568 2009 ξύνεσιν
611 1978 649 2000 τε
691 1963 772 2001 δύω
806 1977 892 2001 ποτ.

596 2011 705 2057 ε’ριδ.,

150 2055 247 2091 ἔνθα
269 2054 337 2101 μὲν
361 2062 428 2091 etc.

75 2110 260 2148 postquam
280 2104 445 2146 trajectus
465 2102 535 2136 fuit
556 2114 678 2137 versus
694 2105 788 2143 515.,
813 2115 894 2137 cor-

77 2156 195 2182 rector
221 2149 368 2192 aliquis‚
393 2149 629 2194 superioribus
654 2162 728 2183 eum
757 2161 891 2183 accom-

75 2195 237 2236 modans,
271 2195 407 2229 dederit
440 2196 554 2239 πέτρη
589 2201 625 2229 et
658 2195 821 2239 ξύνεσις,
854 2199 893 2229 ut

75 2242 372 2286 Πυριφλεγέθων
391 2248 424 2275 et
446 2242 632 2282 Κωκυτός.
670 2255 742 2276 eam
760 2249 892 2296 petraui

76 2287 238 2321 comicus
273 2288 471 2323 Ran.194.
513 2289 658 2322 ridicule
690 2295 792 2322 vocat
815 2286 890 2322 Αὐ-

74 2336 185 2368 αίνου
205 2336 328 2375 λίθον,
350 2359 372 2375 ,,
364 2332 450 2373 ,ἀπὸ
469 2334 536 2368 τοῦ
556 2332 783 2369 αυαίνεσθαι
802 2333 892 2375 τούς

75 2379 289 2424 νεκρούς,“
316 2386 354 2414 ut
377 2380 629 2425 interpretatur
653 2382 766 2415 Schol

122 2428 192 2462 516
211 2446 254 2451 —-
276 2428 355 2461 523.
403 2427 676 2470 χριμφθεὶς
720 2425 890 2468 πέλας,

74 2484 182 2518 prope
207 2474 384 2506 acccdcm.
432 2477 518 2527 Ap.:
545 2475 804 2517 χριμφθῆναι,
830 2473 891 2515 ἐμ-

74 2519 243 2554 πελάσαι.
281 2516 548 2560 cf.11.s'‚662
572 2527 640 2552 etc.
683 2520 892 2554 describitur

74 2564 356 2609 νεκνοιιοίντεια.
398 2565 442 2598 cf.
466 2563 507 2606 λ’,
528 2567 698 2606 23-33,
724 2566 835 2599 Feith.
859 2569 891 2606 1,

75 2614 142 2655 17,
173 2601 194 2647 3
219 2619 286 2647 etc.
315 2630 359 2636 —
402 2613 475 2645 Am.
510 2613 571 2646 ss.·
603 2623 890 2663 πυγουσιον.

75 2661 277 2714 πηχυαῖον.
319 2656 449 2701 πυγών
481 2657 521 2693 δέ
555 2656 629 2692 ἐστι
653 2657 694 2692 τό
722 2657 795 2693 ἀπὸ
823 2664 890 2702 αγ-

75 2718 195 2745 κωνος
218 2704 321 2748 μέχρι
346 2705 420 2738 ταῖν
441 2703 634 2758 δακτύλων
653 2703 891 2747 συνεσταλμέ-

76 2764 154 2786 νον
188 2753 328 2796 μῆκος·
364 2749 542 2805 ἀπολήγει
574 2750 644 2794 γάρ
679 2748 720 2786 τό
755 2751 890 2794 μέτρον

77 2799 131 2836 εἰς
157 2797 245 2838 τούς
270 2796 474 2836 δακτύλους
498 2797 571 2840 πύξ
596 2796 822 2841 γινομένους.
844 2815 891 2822 --

79 2844 202 2879 ἔνθα
226 2857 258 2879 κ.
289 2843 420 2883 ἔνθα.
454 2845 505 2883 εἰς
528 2843 666 2884 πλάτος
691 2857 722 2878 ιι.
745 2846 796 2884 εἰς
820 2843 891 2887 μῆ-

78 2903 153 2930 κος.
175 2910 221 2915 -
264 2890 316 2924 Ε·
341 2892 632 2933 μελίκρατον
658 2891 794 2934 (Ionica
817 2903 891 2933 μ--

77 2938 232 2990 κρητον)
258 2936 292 2971 οἱ
317 2938 471 2971 παλαιοι
495 2939 609 2981 μίγμα
634 2936 727 2980 φασὶ
750 2936 892 2994 μέλιτος

78 2996 112 3018 ιι.
142 2981 323 3028 γάλακτος
347 2982 535 3019 ἐνταῦθα·
571 2983 607 3019 οἱ
639 2984 766 3028 μέντοι
797 2980 892 3028 μεθ’

929 1088 1106 1147 ’Όμηρον
1132 1091 1236 1136 μέχρι
1267 1091 1329 1126 καὶ
1358 1089 1482 1134 ε’σᾶρτι
1502 1093 1626 1135 κρᾶμα
1648 1092 1747 1134 μέλι-

939 1152 1002 1179 τος
1025 1153 1057 1172 κ.
1082 1136 1218 1178 ὕδατος
1249 1137 1291 1172 τὸ
1325 1141 1401 1180 μελ.
1425 1139 1559 1173 οἴδασι.
1607 1141 1650 1172 de
1683 1141 1748 1172 hoc

940 1184 1202 1217 humanissimus
1234 1185 1421 1218 Montbel..
1457 1182 1585 1225 „Cest
1615 1196 1655 1217 ce
1679 1196 1746 1228 que

940 1241 1024 1262 nous
1066 1241 1238 1263 nommons
1279 1229 1437 1273 aujourd'
1440 1209 1497 1262 hui
1535 1231 1746 1273 l'hydromel.

940 1276 1039 1309 Pline
1062 1276 1207 1309 l'ancien
1240 1275 1324 1317 (14,
1348 1279 1380 1317 ἓ.
1405 1277 1481 1319 20.)
1511 1278 1655 1319 protend
1681 1289 1747 1320 que

940 1333 979 1354 ce
1013 1322 1187 1365 breuvage
1223 1323 1380 1366 acquiert
1413 1322 1446 1354 la
1478 1322 1574 1355 force
1603 1323 1649 1356 du
1674 1323 1746 1356 vin.

941 1369 1001 1410 (fit
1024 1369 1141 1401 vinum
1166 1373 1199 1401 et
1225 1380 1266 1400 ea*
1296 1380 1386 1411 aqua
1410 1380 1452 1400 ac
1475 1369 1575 1402 melle
1597 1374 1748 1403 tantum.

940 1432 985 1437 -—
1010 1415 1071 1447 hoc
1105 1420 1245 1447 vocatur
1267 1414 1475 1456 hydromeli,
1511 1419 1546 1448 et
1576 1421 1750 1449 vetustate

938 1471 1093 1502 saporem
1126 1461 1197 1492 vini
1228 1461 1441 1502 assequitur,
1471 1472 1637 1505 nusquam
1670 1462 1749 1494 lau—

939 1506 1056 1538 datius
1090 1518 1191 1550 qnam
1227 1507 1260 1538 in
1296 1507 1460 1550 Phrygia.
1510 1513 1680 1541 nostrates
1711 1508 1749 1541 id

938 1563 1045 1594 genus
1081 1552 1226 1595 potionis
1260 1559 1386 1585 vocant,
1426 1553 1541 1594 Mem,
1587 1553 1747 1588 usitatum

938 1590 1020 1630 illud
1047 1597 1079 1629 in
1104 1598 1236 1631 Russia.
1265 1604 1303 1629 ut
1327 1598 1428 1631 docet
1450 1598 1528 1631 Odo
1548 1598 1657 1632 Staab
1680 1600 1748 1632 Po-

938 1644 1122 1687 togroplaz'e
1156 1655 1188 1688 p.
1214 1644 1289 1678 103.
1323 1644 1444 1686 Both)
1483 1644 1593 1678 Julius
1624 1645 1747 1680 Pollux

938 1690 1091 1732 (6,17.)
1116 1689 1200 1722 rend
1226 1689 1257 1722 le
1280 1695 1350 1722 mot
1370 1690 1587 1732 μελίκρατος
1605 1703 1669 1735 par
1691 1693 1747 1726 οἰ-

936 1733 1080 1779 ιόμελι,
1106 1737 1269 1777 me'lange
1293 1735 1336 1768 de
1354 1736 1436 1769 miel
1459 1742 1493 1769 et
1517 1737 1560 1769 de
1583 1739 1665 1771 υἱπ.ι
1656 1740 1681 1756 “
1701 1756 1746 1762 --

938 1779 1008 1816 ἐπὶ
1037 1800 1076 1805 -
1101 1781 1349 1816 παλύ.νειν
1380 1781 1420 1815 Il.
1450 1780 1502 1824 λ’,
1524 1783 1615 1825 640,
1648 1781 1700 1824 κ’,
1723 1785 1747 1818 7

939 1835 1004 1860 etc.
1023 1846 1070 1853 —-
1105 1828 1421 1871 γουνοῦσθαι.
1455 1826 1497 1870 ζ’,
1523 1830 1590 1864 149
1613 1835 1681 1866 etc.
1701 1847 1746 1853 —

938 1875 1020 1915 „les
1043 1877 1174 1907 ombres
1198 1875 1333 1927 le'gd‘res
1355 1875 1414 1907 des
1435 1879 1551 1909 moris.
1592 1875 1624 1909 le
1647 1880 1747 1910 texte

939 1924 1039 1964 porte
1062 1933 1134 1954 νεκ.
1160 1919 1221 1964 ἀμ.
1249 1918 1415 1964 κάρηνα,
1449 1920 1549 1954 c’-est
1554 1933 1587 1954 a·
1594 1921 1668 1956 dire
1699 1923 1749 1956 les

931 1967 1064 2008 Jaibles
1088 1969 1174 2000 te‘tes
1198 1967 1257 2000 des
1281 1973 1397 2001 morts.
1440 1967 1497 2000 On
1521 1967 1588 2001 fait
1610 1968 1749 2002 doriver

939 2018 995 2045 cet
1021 2012 1169 2056 adjectis
1190 2011 1252 2056 οἷμ.
1288 2013 1330 2047 de
1354 2013 1404 2048 Ιά
1437 2013 1602 2057 privatis,
1636 2019 1670 2047 et
1702 2014 1747 2047 de

938 2057 1058 2101 μένος
1075 2062 1192 2101 force.-
1220 2057 1399 2104 οἱμενηνα,
1423 2058 1533 2102 μένος
1558 2057 1627 2094 ουίι
1647 2072 1747 2102 εχον-

939 2116 985 2137 τα
1018 2105 1139 2146 (Brev.
1172 2106 1308 2148 schol..)
1357 2106 1407 2138 Ce
1443 2106 1530 2138 n‘est
1549 2117 1630 2159 que
1658 2107 1745 2139 dans

937 2149 1000 2183 des
1015 2153 1156 2193 phrases
1173 2151 1400 2185 semblables
1391 2164 1410 2184 a
1425 2151 1524 2184 celle·
1512 2150 1558 2183 -ci
1574 2162 1643 2207 que
1655 2157 1748 2185 cette

939 2197 1093 2239 epitheta
1125 2204 1179 2230 est.
1203 2198 1378 2242 employee
1403 2195 1464 2240 (κ,
1488 2198 1578 2238 536,
1611 2196 1664 2239 λ’,
1687 2199 1746 2238 29,

937 2242 1038 2285 49.;)
1064 2241 1096 2274 d
1099 2255 1143 2276 ou
1163 2244 1198 2285 je
1218 2244 1354 2276 conclus
1379 2254 1445 2287 que
1466 2253 1484 2275 c
1486 2243 1584 2276 &tait
1604 2254 1668 2278 une
1686 2254 1747 2277 ex-

938 2289 1091 2334 pression
1116 2300 1311 2329 consacree,
1337 2300 1464 2322 comme
1488 2289 1572 2323 celle
1590 2289 1634 2323 de
1654 2288 1746 2333 χοὴν

936 2337 1083 2378 χεῖσθαι
1099 2336 1263 2378 pourfair
1266 2347 1282 2368 e
1294 2336 1352 2368 des
1363 2336 1524 2368 libatione
1539 2347 1608 2369 aus
1619 2342 1747 2369 mons·
1734 2360 1745 2375 ,

936 2380 1004 2426 χοή
1029 2382 1116 2413 &tait
1142 2383 1171 2414 le
1202 2387 1270 2414 mot
1295 2383 1501 2421 mnsam-ee,
1534 2393 1578 2414 au
1610 2382 1676 2415 lieu
1703 2382 1746 2416 de

937 2425 1079 2470 σπονδὴ
1106 2439 1147 2459 ου
1169 2426 1288 2471 λοιβὴ,
1315 2433 1400 2460 mots
1419 2427 1627 2472 generiques
1653 2428 1749 2470 (Eu-⁶

937 2474 1043 2507 statii.
1074 2473 1182 2509 3668.
1209 2474 1293 2516 21..)
1307 2476 1330 2492 ‘⁶
1364 2474 1528 2508 Montbel.
1556 2491 1601 2498 —
1641 2474 1722 2507 Sch.
1735 2486 1744 2495 ·

938 2523 1136 2561 στεῖραν
1160 2519 1292 2562 βοῦν.
1319 2520 1372 2559 εἰς
1389 2519 1429 2554 τὸ
1452 2517 1605 2575 ὅμοιον·
1631 2517 1748 2563 ἄγονα

937 2565 1008 2611 γάρ
1032 2566 1094 2600 καὶ
1116 2568 1239 2608 στεῖρα
1258 2565 1304 2600 τοὶ
1323 2578 1397 2600 των
1416 2578 1564 2607 νεκρων.
1597 2567 1643 2600 cf.
1661 2568 1741 2600 510.

937 2632 983 2639 -
1015 2612 1066 2645 E:
1096 2610 1247 2657 πυρήν
1280 2608 1316 2646 τ’
1342 2610 1369 2647 ἐ
1396 2610 1589 2648 ἐσθλῶν.
1626 2610 1744 2647 ἐσθλοὶ

936 2658 1050 2703 λέγειν
1074 2659 1177 2692 δοκεῖ
1195 2659 1286 2701 μέλι,
1311 2656 1427 2702 ονθη,
1451 2661 1613 2714 χλαίνας,
1636 2655 1744 2700 ὅπλα,

935 2719 968 2741 κ.
1003 2703 1160 2738 τοιαῦτα
1192 2718 1276 2739 τινα
1318 2703 1484 2748 ἐνιέμενα
1525 2718 1594 2740 κατ’
1655 2703 1746 2744 ἔθος

935 2754 1017 2790 ταῖς
1038 2755 1221 2792 νεκρικαῑς
1245 2755 1390 2793 πυραῖς.

980 2799 1058 2832 526.
1097 2808 1259 2842 nusquam
1280 2801 1384 2842 poeta
1398 2797 1490 2831 dixit
1505 2797 1653 2838 λίσομαι
1673 2794 1745 2848 pri-.-

936 2855 988 2877 ma
1012 2852 1184 2896 correpta.
1227 2846 1266 2878 A.
1293 2847 1343 2878 1.:
1367 2844 1481 2892 λίσσῃ,
1505 2843 1595 2887 quod
1620 2841 1744 2875 ascisci

937 2896 1074 2934 posset,
1100 2890 1128 2922 ni
1152 2889 1344 2934 legeremus
1367 2892 1486 2933 εὐχῆς.
1532 2892 1593 2921 sed
1617 2886 1745 2920 numeri

936 2937 1086 2970 suadent
1109 2938 1197 2980 λίτῃ.
1234 2947 1267 2971 v.
1293 2947 1369 2969 ann.
1393 2940 1435 2968 ad
1462 2934 1501 2968 ll.
1526 2931 1582 2974 π’,
1603 2933 1660 2968 47.
1675 2958 1685 2975 ,
1709 2941 1746 2967 et

937 2982 981 3016 de
1005 2992 1025 3016 σ
1051 2989 1086 3015 ct.
1111 2995 1127 3016 t
1152 2950 1277 3016 litteris
1301 2981 1454 3016 confusis
1477 2991 1554 3014 ann.
1579 2979 1624 3014 ad
1643 2978 1690 3024 η’,
1710 2981 1744 3015 6.
