1846 3282
522 133 1211 176 ΟΔΥΣΣΕΙΑΣΕ.
1607 135 1686 175 161

124 250 178 291 35
214 247 424 301 (Damnum
454 243 496 295 ἐς
520 248 673 299 γαῖαν,
705 246 747 288 οἳ
777 242 974 300 ἀγχίθεοι
1002 240 1230 298 γεγάασιν·

0 330 4 415 1
39 392 96 416 ces
120 379 219 414 initio
244 380 323 414 libri
348 381 396 421 6.,
424 380 579 414 fabulosa
604 388 702 415 suntt
737 392 847 426 neque

40 427 129 461 enim
154 426 364 470 argumentis
382 426 498 460 doceri
519 432 645 470 potest,
671 428 726 461 vel
738 429 846 459 Sche-

39 475 124 507 riam
156 473 409 515 intelligendam
443 484 520 505 esse
544 472 728 518 Corcyram
753 473 846 505 insu-

39 520 128 559 lam,
155 519 212 552 vel
247 518 443 562 Hypeream
474 519 573 551 istam
606 519 778 564 pertinere
801 517 844 551 ad

39 564 244 599 Thessaliae
277 575 336 596 seu
369 564 593 597 Macedoniae
624 566 750 597 sontem
785 575 846 596 co-

38 610 251 654 gnominem,
284 621 372 654 quae
407 617 460 643 est
488 609 601 643 Vossii
625 611 756 654 (Myth.
782 610 844 642 ΒΥ.

38 659 72 698 3,
99 657 195 699 173.)
221 655 429 697 conjectura.
478 667 521 688 ne
545 655 685 689 insulam
710 655 846 698 quidem

38 707 138 735 sonat
172 712 238 735 vox
271 702 432 744 Σχερία,
464 702 525 735 sed
560 707 685 735 terram
709 701 846 735 littora—

38 748 123 788 lem,
149 759 170 780 a
194 745 336 792 σχερός,
373 749 480 781 littus.
506 758 536 779 v.
561 747 664 781 Schn.
690 747 723 780 h.
751 759 783 780 v.
811 751 846 779 et

3 833 5 835 ι
37 793 212 827 'Welckerz
255 804 289 837 p.
321 794 398 834 47.;
439 789 604 836 εΤπεέρειοι
643 805 727 827 vero
762 792 845 826 nihil

38 839 133 873 aliud
168 845 222 872 est
257 850 359 883 quam
398 845 492 872 terra
522 839 702 883 superior,
745 840 845 881 „das

39 885 256 918 Oberland.“
285 886 370 918 bene
390 885 592 918 welckerus
619 897 651 929 p.
673 886 727 919 9.:
752 884 847 925 „Min

40 931 153 964 Recht
200 929 446 974 widerspricht.
491 930 544 962 ein
591 930 847 964 Grammatiker

43 978 106 1010 der
144 977 438 1020 geographischen
483 976 701 1021 Auslegung:
735 976 770 1011 οὶ
807 973 847 1010 δὲ

42 1019 116 1057 oin&
140 1021 208 1057 toi]
231 1018 344 1066 ὑπὲρ
368 1021 434 1066 τήν
453 1018 540 1065 ἡμῖν
565 1022 849 1067 γινωσκομένην.

40 1068 158 1101 Andre
191 1067 316 1100 liessen
352 1068 426 1101 sich
450 1067 557 1101 durch
582 1069 638 1102 die
662 1069 849 1112 Kyklooen

41 1113 130 1147 nach
154 1113 296 1147 Sicilien
321 1113 441 1147 ziehen
462 1114 527 1147 und
548 1119 753 1148 verstanden
774 1116 849 1148 Ka-

40 1159 188 1200 marina,
223 1159 307 1193 oder
341 1160 481 1192 nahmen
517 1161 593 1193 eine
635 1161 725 1194 Insel
761 1161 850 1194 nahe

41 1205 98 1240 bei
139 1205 213 1238 (lem
256 1205 522 1250 Kyklopenland
563 1218 630 1248 an3
680 1218 850 1250 weg-egen

41 1251 243 1285 Eustathius
265 1250 428 1291 erhmert,
453 1251 533 1284 dass
557 1252 636 1284 dort
659 1252 716 1286 die
738 1253 851 1294 Rykl-

42 1308 153 1342 open,
197 1297 253 1329 die
292 1298 379 1329 nach
414 1299 455 1337 9,
490 1298 554 1331 125
587 1297 686 1330 keine
719 1298 852 1331 Schiffe

43 1343 176 1382 hatten,
202 1342 268 1375 den
287 1342 470 1376 Phaeaken
496 1342 590 1375 nicht
616 1344 732 1376 hatten
751 1344 852 1377 scha-

43 1389 111 1422 den
134 1388 307 1421 k6nnen.“
330 1388 417 1421 idem
444 1389 486 1422 de
505 1388 637 1422 nomine
662 1391 851 1422 Phaeacum

44 1446 80 1480 p.
113 1436 168 1470 13.
203 1440 238 1468 et
271 1431 344 1468 14.:
378 1436 477 1475 „Aus
514 1435 588 1468 dem
623 1435 853 1469 Nachtlichen

45 1482 107 1514 der
133 1480 241 1513 Fahrt
266 1480 397 1513 erklart
420 1480 493 1513 sich
518 1492 605 1523 ganz
631 1481 765 1514 einfach
790 1481 851 1514 der

45 1525 297 1559 bezeichnende
339 1526 450 1559 Name
499 1526 559 1559 des
600 1526 852 1559 dichterischen

44 1572 177 1606 Volks=
203 1571 341 1615 φαῖαξ,
372 1572 609 1615 νετεῑέἰήςυῐις
632 1583 697 1604 von
724 1572 851 1615 φαιὸς,

44 1619 307 1651 Dunkelmann:
342 1616 429 1650 denn
466 1616 582 1650 immer
617 1619 766 1651 schiffen
801 1619 852 1651 sie

42 1664 80 1708 ja
111 1663 298 1707 eingehiillt
330 1662 364 1695 in
398 1663 548 1696 Gewolk
582 1674 615 1697 u.
638 1663 774 1698 Dunkel
799 1666 852 1705 (8,

43 1711 165 1752 562).“
202 1720 299 1753 quam
322 1709 528 1742 notationem
546 1708 611 1742 etsi
633 1721 697 1743 non
719 1710 851 1754 rejicio,

43 1760 158 1790 tamen
181 1755 288 1799 magis
313 1766 502 1800 propensus
526 1767 596 1789 sum
622 1755 655 1788 in
678 1768 750 1790 eam
775 1768 853 1790 sen-

45 1801 197 1842 tentiam,
223 1809 262 1834 ut
289 1801 452 1841 Φαίακας
476 1801 586 1835 dictos
613 1808 727 1846 putem
753 1815 772 1836 a
797 1815 854 1836 re-

45 1847 160 1892 gione,
185 1857 285 1891 quam
304 1847 455 1881 incolere
475 1848 552 1881 illos
573 1848 723 1882 credidit
743 1849 853 1890 Hom„

45 1892 139 1937 πρὸς
171 1894 306 1934 ζόφονε
337 1904 400 1926 nec
438 1892 504 1927 alio
539 1893 700 1927 traxerim
733 1906 852 1928 nomen

46 1940 274 1984 Καλυψοῦς,
310 1936 383 1973 ἀπὸ
416 1940 486 1973 τοῦ
519 1939 791 1979 καλύπτεσθαι,
817 1941 852 1974 ni

46 1986 170 2027 fallor,
203 1984 318 2030 ζόφῳ.
355 2005 391 2010 -
427 1986 514 2019 bene
549 1985 663 2019 itidem
689 1987 853 2022 Welcke-

47 2043 130 2065 rus:
164 2031 266 2072 „Den
301 2031 480 2076 Odysseus
518 2032 602 2065 lasst
627 2032 688 2066 der
713 2033 856 2067 Dichter

46 2077 103 2111 die
137 2077 300 2111 Phaaken
325 2077 579 2121 heimbringen,
617 2080 697 2113 weil
723 2080 773 2114 sie
799 2081 855 2114 die

44 2124 181 2157 sichem
206 2124 358 2157 Geleiter
391 2135 456 2157 von
482 2124 569 2158 allen
594 2125 668 2158 sind
696 2127 748 2169 (8,
774 2128 853 2167 566,

47 2170 112 2209 13,
139 2169 235 2214 174).
291 2170 413 2203 Dieser
437 2170 516 2214 Zug
547 2170 635 2204 wird
661 2173 854 2206 bedentend

47 2216 200 2249 dadurch
231 2217 426 2256 verstarkt,
468 2217 548 2250 dass
584 2217 754 2252 Poseidon
788 2219 852 2253 den

48 2261 209 2295 Phaaken
223 2273 344 2306 wegen
368 2263 481 2295 dieser
504 2263 640 2296 sichern
665 2264 854 2309 Geleitnng

49 2307 133 2340 aller
165 2307 329 2341 Irrenden
363 2308 423 2342 das
466 2308 582 2342 Schiff
613 2310 851 2344 vernichtet⁶‘

51 2358 119 2386 etc.
142 2364 178 2385 v.
206 2352 259 2394 ν’,
286 2354 403 2388 149-
425 2355 501 2388 187.
526 2356 659 2389 nomine
684 2362 719 2390 et
743 2358 853 2390 histo-

50 2398 103 2432 ria
129 2397 331 2433 miraculosa
367 2400 493 2434 similes
525 2408 604 2434 sunt
637 2402 853 2436 Phaeacibus

50 2443 259 2488 Nibeiungi,
300 2456 404 2489 germ.
441 2447 496 2480 die
531 2448 752 2490 Nebcluden,
785 2449 853 2482 viri

51 2489 174 2523 nebula
198 2502 258 2524 seu
283 2491 428 2535 caligine
452 2492 622 2534 involuti,
650 2494 710 2528 sed
736 2495 853 2528 diver-

52 2535 82 2569 si
104 2536 262 2579 generiS,
286 2537 413 2581 quippe
437 2538 551 2573 nescio
576 2541 673 2583 cujus
699 2541 852 2574 thesauri

51 2591 269 2626 possessores
310 2584 461 2625 strenui,
506 2585 548 2617 de
592 2586 717 2630 quibus
762 2592 857 2620 extat

52 2627 297 2661 Germanorum
323 2639 453 2662 carmen
477 2631 730 2665 celeberrimum
748 2659 757 2672 ,
782 2645 855 2666 cum

50 2673 226 2707 Phaeaces
257 2675 499 2718 quodammodo
534 2680 751 2722 comparandi
787 2679 856 2712 sint

50 2719 200 2752 Eccarto
234 2719 349 2760 fideli,
384 2721 428 2752 de
460 2733 527 2764 quo
563 2724 612 2755 sic
638 2729 740 2768 poeta
766 2724 855 2757 haud

50 2765 212 2810 ignobilis
231 2766 339 2799 'l'ieck
362 2767 519 2799 Romane.
542 2769 769 2815 Dichtungeu,
789 2771 854 2804 vol.

53 2811 85 2844 1.
110 2822 142 2856 p.
167 2812 264 2846 469.:
300 2813 412 2853 „naid
444 2814 522 2846 hort
549 2825 621 2847 man
646 2817 856 2850 Wundersa-

53 2865 118 2900 gen
143 2857 190 2890 Im
225 2869 358 2902 ganzen
383 2859 500 2892 Laude
527 2861 638 2903 gehn,
671 2862 758 2896 Dass
784 2874 856 2895 wer

52 2913 90 2935 es
118 2903 217 2937 wolle
251 2916 372 2948 wagen
412 2905 512 2938 Nach
551 2906 662 2939 Venus
698 2908 791 2953 Berg
813 2920 855 2941 zu

49 2948 161 2992 gehn,
196 2950 263 2983 Der
297 2951 414 2985 werde
449 2952 568 2985 dorten
602 2954 749 2987 schauen
787 2956 855 2988 Des

50 2999 167 3028 treuen
188 2995 316 3030 Eckart
335 2997 448 3039 Geist,
475 2998 545 3030 Der
566 2998 670 3041 jeden
688 3000 749 3033 mit
769 3001 855 3034 Ver-

92 3050 235 3086 Horum.
261 3053 397 3088 ODYSS.
425 3055 450 3087 l.

893 384 1016 412 tranen
1052 377 1191 410 Zuriick
1224 386 1299 410 vom
1331 375 1454 409 Felsen
1489 377 1608 418 weist‚
1635 378 1697 411 Wo

894 436 931 457 er
956 424 1044 457 nach
1067 423 1195 456 seinem
1213 422 1362 456 Sterben
1387 422 1490 455 Noch
1511 423 1638 456 Schutz
1663 436 1698 458 u.

892 469 1026 502 WVache
1062 469 1168 502 hfflt⁶⁴
1193 474 1261 502 etc.
1296 473 1439 512 propter
1474 479 1592 502 munus
1615 469 1698 503 illud

892 514 1085 549 deducendi
1110 519 1145 548 et
1177 519 1252 548 tuto
1277 521 1311 547 et
1337 512 1514 547 celerrime
1537 511 1700 555 homiiieS,

890 561 996 605 idque
1021 565 1143 600 noctu,
1179 566 1214 594 et
1240 559 1470 602 dormientes,
1496 564 1531 592 et
1555 562 1700 594 navibus

891 618 992 640 sensu
1018 606 1205 650 praeditis,
1238 606 1312 639 sine
1336 604 1460 645 remis,
1486 605 1591 647 velis,
1616 618 1700 639 ven-

892 653 950 693 tis,
976 653 1150 686 Phaeaces
1175 652 1393 696 appellantur
1418 649 1606 694 οἷγχίθεοι,
1636 654 1702 686 diis

891 699 1013 738 vicini,
1037 698 1069 730 h.
1097 710 1126 731 e.
1151 698 1288 738 similes,
1314 695 1486 731 ἀντίθεοι
1510 696 1569 740 (ζ’,
1591 698 1700 742 241),

893 750 927 777 et
960 744 1105 777 inferius
1138 745 1218 778 378.
1247 742 1445 785 ἄνθρωποι
1483 744 1701 788 διοτρεφεῖς,

891 791 1043 823 homines
1075 801 1098 822 a
1128 790 1195 822 deis
1230 790 1369 823 educati
1401 795 1436 822 et
1468 801 1581 822 eorum
1608 791 1703 824 velut

892 836 978 876 filii,
1015 846 1083 879 qua
1123 835 1356 880 appellatione
1389 835 1549 868 honorari
1593 836 1704 870 solent

894 894 950 926 ap.
987 881 1085 917 Hom.
1118 893 1218 925 reges
1255 888 1291 915 et
1324 882 1468 921 heroes3
1496 893 1604 925 eoque
1628 884 1702 927 ipso

894 939 1032 961 munere
1064 927 1225 960 invidiam
1253 926 1407 971 Neptuni
1432 928 1579 960 subeunt
1595 953 1604 966 ,
1629 939 1704 960 ser-

893 974 969 1006 vari
994 973 1140 1006 nolentis
1172 973 1303 1007 iliorum
1327 985 1391 1016 ope
1415 979 1540 1006 nautas
1563 973 1704 1009 invisos.

895 1019 1036 1052 difficile
1068 1019 1162 1053 dictu
1202 1025 1276 1061 est,
1309 1020 1399 1052 unde
1424 1020 1508 1052 haec
1532 1021 1705 1064 acceperit

894 1066 1083 1106 Homerus,
1127 1070 1186 1098 aut
1227 1078 1247 1099 a
1290 1076 1356 1110 quo
1390 1064 1490 1098 initio
1525 1067 1704 1109 profectus

895 1113 981 1145 adeo
1014 1111 1113 1144 ‘mira
1156 1115 1260 1156 atque
1300 1108 1583 1154 ὑπεράνθρωπα
1623 1123 1706 1145 con-

895 1156 1044 1192 finxerit.
1094 1169 1205 1201 neque
1253 1157 1339 1190 enim
1382 1157 1566 1191 verisimile
1607 1157 1706 1191 vide-

895 1208 963 1243 tur,
991 1203 1083 1247 quod
1108 1203 1306 1247 suspicatur
1330 1203 1546 1245 Welckerus‚
1571 1203 1706 1236 Phaea-

897 1261 953 1282 ces
977 1250 1112 1282 eosdem
1138 1260 1212 1282 esse
1237 1250 1490 1291 Charontibus,
1517 1253 1556 1282 ut
1578 1249 1628 1283 ita
1653 1249 1707 1283 di-

897 1306 968 1327 cam
993 1319 1002 1336 ,
1045 1299 1104 1327 aut
1145 1295 1446 1339 Hyperboreorum
1469 1320 1479 1336 ,
1519 1300 1582 1328 aut
1624 1307 1706 1329 vero

898 1341 1135 1373 Teutonorum
1150 1367 1158 1381 ‚
1193 1340 1248 1373 vel
1272 1340 1437 1384 ejusmodi
1462 1340 1609 1375 nationis
1633 1341 1707 1374 lon-

898 1386 1048 1430 ginquae
1072 1391 1107 1419 et
1132 1386 1309 1419 barbarae.
1357 1386 1456 1427 „Mir
1479 1386 1538 1419 hat
1554 1387 1626 1420 sich
1652 1387 1708 1421 die

898 1432 1179 1475 Ueberzeugung
1212 1432 1466 1476 ausgedrangt,
1500 1433 1578 1466 dass
1613 1432 1708 1466 diese

898 1477 1051 1510 Schiffer
1083 1497 1127 1503 —
1163 1477 1275 1511 nichts
1308 1478 1431 1511 anders
1465 1478 1537 1512 sein
1572 1479 1708 1512 konnen

898 1523 949 1556 als
972 1524 1028 1556 die
1056 1523 1295 1556 Faltrmc‘inner
1313 1525 1373 1557 des
1399 1525 1509 1557 'rodes
1526 1524 1559 1557 in
1585 1524 1708 1569 irgend

898 1569 994 1602 einer
1028 1569 1292 1602 auslandischen
1327 1570 1523 1603 entl'ernten
1547 1570 1708 1614 Religion

898 1626 930 1648 u.
956 1614 1069 1658 Sage,
1094 1616 1161 1656 die,
1187 1615 1222 1648 in
1247 1615 1304 1648 die
1327 1615 1532 1649 hellenische
1555 1616 1709 1650 Helden-

899 1660 1016 1705 poesie
1040 1672 1220 1706 gezogen.
1245 1661 1321 1694 eine
1346 1661 1491 1695 schoner
1516 1663 1708 1696 erfundene

899 1706 1134 1751 Bestimmung
1174 1708 1230 1740 nie
1270 1707 1424 1740 erhalten
1468 1707 1617 1741 konnten
1657 1709 1709 1741 als

901 1753 982 1794 die,
1023 1753 1088 1786 den
1130 1754 1315 1797 gepriiften
1359 1752 1492 1787 Dulder
1532 1754 1710 1799 Odysseus

900 1800 987 1832 nach
1021 1799 1108 1832 allen
1141 1799 1334 1833 Irrfahrten
1360 1799 1393 1832 in
1419 1799 1513 1833 seine
1538 1799 1710 1834 oberirdi-

899 1846 982 1879 sche
1006 1845 1166 1879 Hehnath
1192 1845 1540 1889 zuriickzubringen“
1565 1853 1629 1879 etc.
1660 1847 1710 1880 ita.

899 1892 954 1925 vir
994 1891 1273 1925 litteratissimus.
1326 1897 1363 1925 at
1409 1891 1521 1937 quid,
1559 1903 1708 1937 quaeso,

898 1937 1114 1971 Phaeacibus
1157 1950 1232 1972 cum
1280 1938 1487 1971 Charonte?
1529 1943 1587 1971 aut
1628 1938 1710 1983 quid

898 1984 1048 2025 attinet,
1094 1984 1253 2029 Ulyssem
1287 1984 1321 2017 in
1354 1983 1501 2029 patriam
1534 1991 1710 2018 revectum

900 2042 962 2075 per
984 2041 1132 2064 somnum
1159 2041 1356 2075 comparare
1380 2041 1454 2063 cum
1475 2036 1622 2071 mortuo,
1645 2030 1711 2064 nisi

901 2077 989 2121 quod
1025 2077 1144 2110 similis
1182 2084 1235 2110 est
1264 2076 1364 2110 morti
1388 2087 1547 2115 somnus,
1583 2087 1655 2109 cum
1680 2075 1710 2109 is

899 2128 967 2157 tum
993 2124 1099 2156 suerit
1132 2122 1189 2156 ille
1223 2124 1342 2163 heros,
1377 2123 1434 2167 qui
1470 2121 1565 2156 brevi
1590 2126 1711 2166 postea

900 2169 1008 2213 magis
1034 2180 1131 2213 quam
1158 2180 1302 2212 unquam
1328 2168 1438 2201 vivum
1471 2180 1508 2201 se
1533 2172 1569 2202 et
1588 2168 1710 2201 viden—-

900 2219 965 2249 tem
1010 2220 1259 2248 monstraturus
1303 2214 1424 2247 esset?
1472 2214 1536 2248 imo
1578 2214 1711 2257 magica

900 2262 986 2295 haec
1021 2269 1103 2295 sunt
1137 2266 1172 2293 et
1205 2261 1429 2301 miraculosa,
1465 2259 1580 2303 qualia
1606 2260 1710 2293 multa

899 2320 972 2341 cum
1007 2319 1062 2351 ap.
1105 2306 1285 2340 Homerum
1320 2306 1428 2350 ipsum
1472 2305 1533 2348 (v.
1566 2305 1712 2339 inferius

900 2365 976 2388 ann.
1002 2356 1044 2387 ad
1070 2353 1200 2395 346),
1235 2358 1304 2386 tum
1329 2353 1363 2385 in
1389 2352 1538 2386 Arabum
1565 2355 1600 2384 et
1625 2351 1712 2386 alio-

899 2412 974 2434 rum
1008 2400 1207 2444 populorum
1239 2399 1386 2439 sabulis,
1427 2397 1605 2442 reperias;
1642 2409 1709 2430 non

901 2446 1104 2489 allegorica,
1144 2444 1237 2489 quod
1273 2456 1378 2488 genus
1423 2455 1489 2477 non
1533 2448 1587 2476 est
1629 2442 1710 2477 illud

902 2493 1039 2537 quidem
1074 2502 1213 2535 prorsus
1246 2490 1391 2524 alienum
1425 2490 1468 2523 ab
1494 2487 1633 2522 Homeri
1658 2489 1712 2522 in-

902 2538 1024 2583 genio,
1070 2538 1130 2569 sed
1167 2537 1275 2569 minus
1305 2543 1418 2570 tamen
1455 2533 1503 2567 illi
1537 2534 1711 2576 usitatum,

903 2597 965 2618 nec
998 2583 1258 2617 obtrudendum.
1294 2588 1415 2615 contra
1447 2579 1631 2614 Welckero
1657 2591 1712 2613 as-

904 2629 1032 2663 sentior
1067 2629 1110 2662 de
1141 2628 1209 2661 situ
1247 2627 1436 2665 Scheriae,
1469 2636 1568 2671 quam
1593 2625 1712 2669 Elysio

904 2675 1047 2709 vicinam
1088 2675 1260 2717 cogitasse
1292 2674 1475 2707 Homerum
1502 2675 1603 2716 putat
1630 2682 1712 2715 pro-

903 2729 1023 2768 pterea
1048 2721 1139 2765 quod
1165 2721 1340 2753 Phaeaces
1365 2718 1444 2751 inde
1477 2715 1511 2750 in
1537 2717 1712 2753 Euboeam

902 2768 1082 2811 trajecisse
1127 2766 1288 2800 dicuntur
1333 2763 1625 2797 Rhadamanthum
1658 2763 1712 2809 η’,

902 2815 1114 2849 321-326.
1149 2823 1213 2845 nec
1248 2810 1350 2854 longe
1385 2809 1578 2843 Phaeacum
1603 2820 1713 2844 mores

902 2862 1002 2894 mites
1027 2858 1211 2901 mollesque
1236 2861 1271 2889 et
1294 2867 1377 2888 vere
1397 2854 1503 2888 lonici
1527 2855 1715 2890 abhorrent

903 2919 923 2941 a
950 2907 1124 2940 beatorum
1150 2904 1185 2936 in
1212 2913 1329 2946 campo
1356 2901 1475 2945 Elysio
1509 2907 1545 2934 et
1569 2902 1613 2934 ab
1637 2901 1714 2936 illo-

902 2964 996 2992 rum,
1021 2962 1107 2995 quos
1135 2948 1294 2982 facillime
1318 2947 1436 2980 vivere
1465 2948 1566 2991 putat.
1589 2947 1713 2992 vulgus

902 2999 1153 3033 Germanorum
1179 3001 1214 3028 et
1237 2993 1541 3038 l⁴'rancogallorum
1559 2992 1593 3026 in
1621 2999 1714 3028 terra

1386 3043 1438 3080 11
