1856 3282
123 114 205 157 254

741 114 1136 156 ΟΜΗΡΟΥ

181 227 260 270 140
289 225 393 280 ε’ργα
423 222 465 268 τ’
495 225 795 297 ἐποπτεύεσκε,
834 226 938 280 μετά
969 224 1135 295 δμώων
1159 222 1202 267 τ’
1231 224 1296 268 ἐνὶ
1325 226 1430 295 οἴκῳ

285 286 404 333 πῖνε,
436 282 508 325 καὶ
537 277 641 337 ἦσθ’
656 314 667 334 ,
698 281 766 325 ὅτε
794 281 938 352 θυμός
968 282 1031 324 ἐνὶ
1061 280 1291 353 στήθεσσιν
1321 280 1498 337 ἀνωγοι·

290 336 428 405 αὐτὰρ
458 342 568 390 νῦν,
597 339 639 390 ἐξ
669 340 722 382 οὐ
752 339 853 391 σύγε
884 337 990 394 ω’χεο
1022 339 1096 407 νηῒ
1125 337 1339 389 Πύλονδε,

287 392 410 436 οὔπω
442 395 515 448 μίν
546 407 679 449 φασιν
709 394 897 462 φαγέμεν
925 394 997 437 καὶ
1025 393 1174 448 πιέμεν
1204 392 1360 446 αὕτως,

290 448 386 492 οὐδ’
419 449 488 493 ἐπὶ
517 450 618 505 ἔργα
648 453 780 502 ἰδεῖν,
811 449 918 493 ἀλλά
948 454 1138 521 στοναχῆ
1167 467 1232 500 τε,
1263 449 1352 505 γόῳ
1381 465 1439 502 τε,

177 507 255 550 145
284 500 423 574 ἧσται
440 505 725 566 ὀδυρόμενος,
757 507 969 561 φθινύθει
999 505 1039 549 δ’
1071 505 1183 577 ἀμφ’
1219 505 1395 576 ὀστεόφι
1422 522 1548 561 χρως.
1565 510 1592 530 “

369 560 456 605 Τὸν
486 562 531 606 δ’
561 567 616 606 αὐ
650 562 893 618 Τηλέμαχος
922 565 1190 632 πεπνυμένος
1220 561 1370 606 ἀντίον
1401 564 1536 618 ηὔδα·

285 617 496 686 ,,ὂὲλγιον,
527 618 622 662 ἀλλ’
651 619 787 688 ἔμπης
812 635 887 674 μιν
918 619 1122 687 ἐάσομεν,
1154 618 1390 675 ἀχνύμενοί
1416 634 1511 675 περ.

285 675 323 717 εἰ
350 673 433 744 γάρ
463 690 553 726 πως
583 676 647 731 εἰἠ
676 673 917 745 αὐτάγρετα
948 675 1091 718 πάντα
1120 678 1330 746 βροτοῖσι,

283 729 458 783 πρῶτόν
486 747 561 774 κεν
589 735 670 774 τοῦ
699 732 860 804 πατρὸς
891 730 1093 805 ἑλοίμεθα
1121 731 1327 785 νόστιμον
1343 724 1479 800 ἦμαρ.

178 788 257 830 150
286 785 393 829 ἀλλά
425 785 523 841 σύγ’
556 785 752 842 ἀγγείλας
783 788 919 831 ὀπίσω
949 790 1034 839 κίε,
1064 788 1170 857 μηδὲ
1200 786 1298 831 κατ’
1329 784 1490 842 ἀγροὺς

284 842 522 895 πλάζεσθαι
552 843 642 897 μετ’
673 843 859 886 ἐκεῖνον·
893 844 999 899 ἀτὰρ
1029 844 1140 898 πρὸς
1168 843 1329 899 μητέρα
1358 844 1493 886 εἰπεῖν

255 946 258 949 ⁸
287 898 540 952 ἀμφίπολον
567 900 736 967 ταμίην
755 897 992 968 ὀτρυνέμεν
1022 901 1111 943 ὅττι
1139 901 1314 955 τάχιστοι

286 954 503 1009 κρυβδην
534 955 652 1010 κείνη
680 952 763 1010 γάρ
793 971 869 998 κεν
901 955 1166 1011 ἀπαγγείλειε
1197 956 1382 1010 γέροντι.
1392 960 1416 979 “

262 1055 419 1100 profecto
440 1056 588 1090 Eumaeo
607 1058 721 1092 statim
735 1059 893 1093 Minerva
909 1061 1094 1104 personata
1109 1056 1228 1102 Ulyssi
1247 1061 1401 1103 apparet,
1425 1069 1565 1104 eumque
1584 1059 1759 1095 reformat.

356 1120 418 1165 Ἦ
443 1139 520 1176 ρα,
550 1124 624 1167 καὶ
656 1119 766 1176 ὦρσε
796 1125 1048 1179 συφορβόν·
1082 1124 1105 1166 ὁ
1138 1123 1183 1166 δ’
1215 1125 1348 1167 είλετο
1378 1126 1498 1197 χερσὶ
1527 1126 1691 1179 πέδιλα,

181 1180 258 1223 155
289 1178 529 1247 δησάμενος
559 1177 601 1223 δ’
634 1179 721 1223 ὑπὸ
751 1181 882 1224 ποσσὶ
911 1178 1081 1223 πόλινδ’
1111 1181 1188 1223 ἰἐν.
1241 1178 1340 1223 ουδ’
1373 1180 1446 1237 ἀρ’
1473 1181 1660 1238 ’Λθήνην

288 1238 422 1289 λῆθεν
453 1233 539 1279 ἀπὸ
573 1241 787 1294 σταθμοῖο
818 1236 927 1280 κιών
954 1236 1154 1307 Εὔμαιος
1180 1234 1397 1293 ὑφορβός,

288 1263 383 1334 ἀλλ’
416 1290 491 1348 ἥγε
523 1293 676 1347 σχεδὸν
704 1295 834 1349 ἦλθε·
868 1294 998 1348 δέμας
1028 1291 1072 1336 6’
1094 1292 1224 1365 η’ῖκτο
1258 1293 1435 1347 γυναικὶ

286 1351 398 1404 καλη
427 1363 496 1399 τε,
525 1349 688 1419 μεγάλῃ
717 1366 786 1401 τε,
817 1350 891 1393 καὶ
921 1348 1072 1420 ἀγλαοὶ
1091 1349 1181 1404 ε’ργ’
1212 1350 1362 1405 εἰδυίῃ.

289 1408 365 1458 στῆ
396 1405 441 1447 δὲ
470 1405 568 1447 κατ’
599 1404 842 1460 ἀντίθυρον
871 1408 1036 1475 κλισίης
1062 1404 1242 1460 Ὀδυσῆϊ
1269 1408 1479 1474 φανεῖσα·

179 1465 259 1506 160
291 1459 393 1503 οὐδ’
424 1459 510 1516 ἀρα
545 1462 788 1519 Τηλέμαχος
817 1464 910 1507 ἴδεν
941 1461 1117 1517 ἀντίον,
1150 1461 1248 1506 οὐδ’
1278 1460 1456 1519 ἐνόησεν

121 1607 282 1663 inspicere
304 1609 445 1644 solebat.
482 1610 536 1644 E:
561 1606 602 1645 τό
627 1608 644 1644 έ
653 1621 680 1643 π
690 1621 709 1643 ο
721 1620 774 1644 πτ
785 1605 832 1644 εὖ
841 1619 856 1642 ε
866 1620 878 1642 ι
888 1620 920 1651 ν,

56 1670 57 1674 ’
121 1650 141 1688 ὃ
174 1652 312 1688 ἑαυτόν
344 1654 418 1690 ἐστι
452 1657 502 1701 τῷ
535 1654 611 1690 ἐπὶ
652 1653 761 1699 ε’ργοι
793 1655 920 1689 ἰδεῖν

121 1699 173 1742 (Ιι.
196 1712 225 1733 e.
250 1698 386 1736 ἐπιδεῖν
404 1691 521 1746 ε’ργά),
544 1704 614 1737 νῦν
636 1714 702 1745 μεν
723 1699 781 1736 ἐπὶ
807 1699 920 1754 ἔργων

115 1743 303 1801 τηρήσεως
336 1747 518 1788 τέθειται,
560 1746 713 1791 ’ὕστερον
755 1745 795 1782 δε
826 1759 900 1789 παρ

115 1788 326 1847 Ἀθηναίοις
361 1791 442 1836 ιερά
466 1792 556 1836 λέξις
579 1793 697 1835 ἐστὶν,
732 1806 782 1832 ως
812 1794 923 1836 δηλοῖ

120 1837 182 1873 καὶ
216 1835 315 1881 παρά
346 1839 397 1885 τῷ
428 1840 586 1895 Κωμικῷ
618 1841 721 1883 (Rau.
746 1840 843 1882 698.)
875 1837 916 1872 τὸ

121 1882 229 1938 ⁹0}ss
254 1882 355 1928 (μὴ,
373 1875 484 1920 ἀλλ’
494 1887 512 1929 )
537 1873 825 1921 ἐποπτεύειν
849 1885 920 1919 60-

121 1929 197 1966 καῖ.
218 1948 263 1954 --
302 1934 432 1973 πῖνε,
462 1932 540 1966 καὶ
565 1926 694 1976 ἧ.σθε
728 1929 767 1969 ε’,
790 1929 836 1965 94
855 1936 921 1963 etc.

121 1995 165 2002 --
193 1972 269 2011 ότε
294 1975 488 2021 ἀνώγοι.
522 1975 564 2018 ο’,
565 1945 676 2020 η394,
704 1974 755 2019 φ’,
780 1976 857 2016 194,
881 1976 919 2008 ΙΙ.

123 2021 172 2065 ζ’,
195 2022 264 2056 444
284 2028 348 2056 etc.
376 2042 421 2048 -
463 2025 534 2058 Αιιι.
561 2024 618 2058 Β.ε
655 2022 815 2063 αὕτως.
851 2022 923 2078 ³(sic

123 2067 228 2110 libri;
253 2069 313 2101 sed
339 2081 371 2103 v.
395 2080 471 2103 ann.
496 2069 539 2102 ad
563 2069 602 2102 ΙΙ.
628 2069 682 2112 α’,
710 2070 806 2112 133.)
842 2065 922 2102 ἀντὶ

122 2115 193 2150 τοῦ
223 2111 408 2154 ωσαύτως.
456 2095 731 2148 commemoratur
764 2114 799 2147 in
824 2116 863 2149 A.
892 2117 923 2149 1.

124 2166 159 2195 et
182 2160 215 2194 2.
239 2166 276 2194 et
298 2161 396 2194 Harl.
433 2160 569 2194 varians
600 2161 772 2206 scriptura
797 2159 922 2204 έ’,μπης

124 2204 209 2242 ἀντὶ
240 2208 310 2240 τοῦ
342 2204 499 2249 ὁμοίως,
533 2206 643 2250 inquit
675 2206 789 2240 Schol.
822 2209 863 2239 A.
891 2209 920 2239 1.

123 2265 158 2287 v.
178 2249 223 2297 β’,
246 2254 321 2288 199.
341 2271 386 2276 —
410 2253 459 2286 Ε·
481 2252 723 2295 φθινύθει
746 2249 783 2286 δ’
809 2248 922 2293 ἀμφ’

124 2296 357 2342 ὀστεόφιν
391 2298 459 2341 (sic
490 2297 567 2331 libri
597 2309 703 2354 usque
726 2298 769 2331 ad
794 2297 921 2337 Wolfii,

124 2356 224 2389 quem
246 2344 400 2399 sequor.)
423 2341 546 2388 χρώς.
590 2343 776 2386 τουτέστι,
807 2342 922 2387 μόνον

123 2390 164 2426 τό
199 2387 487 2445 ἐπιφαινόμενον
519 2390 587 2444 'toja'
615 2389 759 2446 χρωτὸς
776 2389 923 2446 ἐμπερι-

123 2438 285 2472 λείπεται
316 2449 408 2481 μετα
437 2448 511 2470 των
544 2433 662 2471 ὀστοῦν
695 2434 759 2471 διοὶ
795 2435 837 2471 τὸ
861 2436 924 2472 καὶ

123 2485 345 2524 λυπεῖσθαι,
369 2496 400 2517 κ.
425 2479 575 2517 ἀσιτεῖν.

173 2508 382 2564 147—15’3.
430 2531 502 2564 Am.
525 2527 569 2567 Q.
594 2528 714 2561 etB.:
743 2524 925 2583 ἄλγιον.

126 2573 252 2619 οιλγιον
287 2575 383 2618 (fort.
415 2572 599 2618 ἀλγεινόντ
636 2584 671 2607 v.
703 2584 779 2608 ann.
812 2577 855 2607 ad
879 2571 925 2617 δ’,

125 2622 223 2664 292.)
258 2633 324 2665 μεν
358 2617 400 2656 τὸ
433 2619 484 2664 μή
519 2619 643 2654 εἰπεῖν.
675 2637 720 2643 —-
767 2600 925 2664 ε’μπης,

128 2665 247 2711 όμαις,
281 2673 407 2701 tamen.
450 2677 482 2699 v.
515 2676 592 2699 anu.
625 2664 668 2698 ad
681 2662 754 2720 β’,
779 2666 854 2700 199.
879 2684 925 2690 —-

129 2712 354 2756 ἐάσομεν,
379 2710 552 2755 ἐάσωμεν.
580 2729 625 2737 -
666 2706 925 2765 ἀχνύμενοι

130 2760 364 2800 A...,10t2
390 2758 544 2798 Ald..3‚
572 2756 717 2799 1⁴}„W
743 2757 792 2797 Β,
817 2754 928 2800 ἀχνύ-

131 2817 240 2850 μενον
264 2807 304 2839 A.
323 2806 369 2846 3.
395 2804 530 2856 5ιερΙι.,
551 2801 720 2846 Bergler„
746 2802 812 2842 cl.
836 2814 927 2836 com-

133 2856 361 2895 memoratque
382 2848 584 2893 scripturam
608 2859 679 2882 eam
705 2848 756 2888 Ε,
780 2848 929 2882 deterio-

134 2908 202 2931 rem
226 2896 360 2941 quidem
385 2894 504 2928 altera.
527 2913 572 2920 —
613 2894 685 2928 Arn.
709 2894 768 2928 B.·
793 2892 929 2929 αὐτά-

135 2954 289 2987 γρετα.
332 2939 564 2984 αυθαίρετα,
607 2936 828 2983 αὐτεξούσια
867 2940 929 2976 καὶ

965 1608 1139 1668 παραυτὰ
1170 1608 1416 1656 ἀγρευόμενα,
1450 1606 1532 1644 ἀντὶ
1555 1609 1647 1650 τοῦ,
1675 1609 1744 1654 (εἰ,
1748 1610 1766 1654 )

966 1655 1036 1693 ὅσα
1067 1656 1263 1700 ἐθέλομεν,
1302 1654 1477 1713 παραυτά
1516 1655 1579 1690 και
1616 1654 1766 1700 ἐγίνετο.

966 1704 1069 1740 Sch.=
1096 1701 1313 1746 αὐθαίρετα,
1331 1700 1543 1746 αὕτόληπτα
1563 1702 1643 1745 (Ιιοο
1660 1701 1765 1736 solum

964 1749 1070 1783 habet
1103 1753 1167 1794 Ap.
1198 1751 1231 1784 h.
1235 1749 1342 1797 ιη),
1376 1748 1486 1804 χωρὶς
1517 1747 1697 1791 καμάτου.
1719 1763 1776 1772 --’

964 1793 1190 1839 νόστιμον
1225 1791 1371 1851 ἦμαρ,
1413 1793 1555 1830 νόστον.
1607 1794 1650 1828 cf.
1683 1793 1763 1827 280,

964 1841 1019 1874 E:
1044 1842 1084 1876 εἰ
1104 1840 1188 1885 γάρ
1213 1861 1258 1866 -
1275 1835 1419 1885 ἦμαρ,
1440 1839 1640 1881 τουτέστιν,
1664 1839 1766 1882 εἴπερ

967 1884 1195 1945 αὐθαίρετα,
1225 1884 1249 1931 ἢ
1273 1887 1412 1931 μᾶλλον
1435 1884 1598 1922 αὐτόθεν
1622 1884 1767 1942 ἀγειρό-·

966 1945 1059 1976 μενα
1082 1932 1104 1978 ἢ
1124 1931 1378 1989 ἀγρευόμενα,
1410 1946 1444 1970 κ.
1466 1930 1640 1987 παραυτά
1663 1930 1767 1987 γινό-

967 1991 1077 2022 μενα,
1117 1973 1163 2024 ἦν
1203 1983 1282 2020 τοῖς
1314 1977 1533 2020 ἀνθρώποις
1563 1977 1686 2013 πάντα
1720 1974 1768 2012 τοὶ

967 2024 1184 2081 πράγματα,
1217 2038 1365 2080 πρωτον
1389 2023 1437 2060 ἂν
1458 2024 1525 2060 τὸν
1547 2025 1617 2061 τοῦ
1637 2020 1772 2060 Ὀδυσ-”

970 2071 1057 2110 σέως
1089 2071 1261 2114 εἱλόμεθα
1293 2071 1442 2107 νόστον·
1480 2069 1571 2105 ἀλλά
1600 2068 1674 2114 μὴν
1697 2066 1768 2105 οὔκ

970 2115 1172 2160 αυτάγρετα
1202 2117 1326 2152 πάντα
1355 2118 1516 2171 βροτοῖς.
1559 2118 1674 2152 λείπει
1698 2113 1769 2171 γὰρ

968 2162 1136 2198 ἐνταῦθα
1169 2163 1219 2209 τῷ
1252 2163 1409 2210 τοιούτῳ
1441 2161 1654 2219 υποθετικῷ
1684 2160 1769 2206 σχή-

968 2222 1057 2253 ματι
1087 2207 1109 2254 ἡ
1141 2199 1314 2268 λεγομένη
1338 2199 1566 2267 πρόσληψις,
1601 2205 1768 2252 νπομε-

968 2254 1131 2291 νετέον
1156 2255 1253 2299 ἄρα.
1269 2274 1314 2281 —
1337 2253 1437 2298 μετ’
1461 2254 1660 2296 ἐκεινον,
1678 2258 1768 2309 post,

968 2301 990 2338 i.
1017 2313 1047 2335 e.
1073 2302 1140 2345 ad,
1165 2304 1273 2336 illum.
1314 2302 1439 2336 Matth.
1465 2303 1498 2344 ἓ.
1522 2302 1601 2337 587.
1621 2321 1666 2327 —-
1689 2297 1768 2343 ἆμ-

969 2348 1177 2391 φὶπολον
1201 2359 1290 2391 τοιμ
1303 2348 1388 2391 ίην.
1430 2347 1471 2380 ΙΙ.
1498 2344 1557 2390 ω’,
1580 2347 1658 2382 302.
1701 2356 1767 2379 ιιοιι

967 2399 1036 2427 tam
1060 2393 1196 2428 honoris
1222 2405 1318 2438 quam
1326 2360 1426 2427 nfidei
1457 2396 1493 2426 et
1522 2391 1768 2426 taciturnitatis

970 2450 1074 2473 causa
1096 2439 1244 2474 nuntiam
1269 2441 1418 2474 Laertae
1440 2438 1528 2473 mitti
1555 2438 1655 2482 Jubet
1681 2447 1767 2482 pro-

970 2496 1073 2529 mam,
1104 2496 1169 2519 non
1193 2485 1359 2521 ancillam.

1018 2554 1106 2599 157,
1132 2554 1164 2588 8.
1210 2552 1256 2596 ν’,
1278 2555 1365 2595 288,
1390 2554 1424 2589 9.

1017 2622 1103 2663 159,
1130 2624 1206 2657 160.
1251 2624 1321 2657 Am.
1347 2622 1394 2663 Β,
1419 2621 1512 2662 sch„
1535 2620 1587 2654 E=
1612 2619 1695 2664 στῆ
1717 2616 1768 2653 δὲ

971 2665 1069 2702 κατ’
1105 2665 1384 2723 ἀντίθυρον.
1424 2679 1591 2709 αντικρυ
1607 2667 1695 2719 τῆςυ
1695 2662 1767 2700 θύ-

971 2726 1049 2757 ρας.
1068 2715 1158 2769 Ap.
1183 2714 1333 2748 emend.·
1360 2711 1584 2755 ἀντίθυρον·
1615 2711 1741 2756 στῆδ
1720 2709 1769 2745 δὲ

971 2755 1079 2802 παρ’
1105 2759 1195 2802 (sic,
1218 2760 1366 2794 sortasse
1389 2760 1487 2799 vere)
1512 2757 1607 2794 ἀντ.
1630 2760 1692 2793 xi..
1710 2755 1767 2792 ’.Ο

973 2818 1014 2849 φ.
1046 2803 1146 2849 παρὰ
1171 2803 1238 2850 τήν
1272 2804 1403 2841 ἀντίαν
1431 2804 1508 2848 θύρ
1512 2817 1569 2839 αν.
1594 2822 1638 2830 -
1676 2805 1770 2836 κλι-

974 2851 1089 2895 σίης,
1108 2853 1292 2895 σταθμου.
1316 2853 1360 2886 cf.
1381 2852 1445 2887 178
1462 2857 1528 2884 etc.
1547 2869 1592 2876 -
1619 2846 1769 2906 ,,Ὀδυ-

974 2898 1058 2941 σῆϊ
1078 2916 1123 2922 -
1147 2899 1259 2933 ἴδεν.
1301 2898 1351 2932 sic
1374 2898 1411 2930 ΙΙ.
1436 2895 1483 2937 α’,
1508 2896 1606 2931 197..
1641 2895 1707 2937 στῆ
1728 2891 1768 2928 δ’

974 2942 1126 2987 ὄπιθεν,
1159 2945 1303 2989 ξανθῆς
1326 2942 1366 2978 δὲ
1389 2941 1505 2988 κόμης
1527 2941 1582 2999 ελε
1603 2941 1768 2985 Πηλείω-
