1856 3282
581 135 1165 178 ΟΔΤΣΣΕΙΑΣ
1222 137 1268 176 Β.

1698 142 1755 180 63

259 249 316 309 βῆ
345 245 389 291 δ’
416 246 561 316 ἰ’μεναι
588 246 702 300 πρὸς
730 248 893 316 δῶμα,
909 246 1043 314 φίλον
1071 244 1317 316 τετιημένος
1343 243 1473 302 ἦτορ·

259 310 360 357 εὑρε
389 302 442 346 6²

469 301 557 356 ἄρα
586 307 837 372 μνηστῆρας
866 299 1091 374 ἀγήνορας
1122 301 1169 344 έν
1198 301 1471 357 μεγάροισιν,

144 367 226 409 300
258 366 384 415 αἰγας
414 357 690 431 ἀνιεμένους,
722 359 903 410 σιάλους
930 357 981 403 θ’
1014 358 1196 408 εὕοντας
1224 358 1272 401 ἐν
1304 358 1431 417 αὐλῇ.

253 416 472 490 ’,Αντίγορς
503 414 544 460 δ’
576 417 678 467 ἰθυς
706 415 891 471 γελάσας
919 417 984 459 κίε
1017 415 1301 487 Τηλεμάχοιο,

259 475 306 518 ἔν
333 472 376 518 τ’
407 471 493 528 α’ρα
523 474 568 517 οἱ
597 477 663 530 φῦ
690 473 821 529 χειρὶ,
855 473 959 524 ἔπος
989 470 1028 516 τ’
1063 472 1206 528 ἐηφατ,
1238 472 1286 516 ἔκ
1317 469 1356 515 τ’
1391 470 1599 529 ὀνόμαζε

305 587 330 607 ,,
351 550 567 608 Τηλέμαχ’
598 551 827 607 υψαγόρη,
865 550 996 607 μένος
1025 549 1195 607 ἄσχετε,
1226 550 1328 607 μήτι
1357 568 1428 595 τοι
1457 553 1564 597 ἄλλο

255 610 303 653 ἐν
333 609 541 680 στήθεσσι
570 609 708 652 κακὸν
737 608 899 665 μελέτω
931 609 1061 664 ε’ργον
1091 624 1154 658 τε,
1188 608 1291 658 ε’πος
1320 625 1378 662 τε,

145 669 226 712 305
257 664 368 709 ἄλλά
398 683 474 722 μοι
504 665 703 719 ἐσθιέμεν
733 667 808 708 καὶ
837 666 1038 720 πινέμεν,
1070 664 1127 716 ὦς
1156 665 1205 708 vd
1237 664 1379 719 πάρος
1407 671 1515 721 περί

253 727 390 767 ταῦτα
421 723 466 795 δέ
495 739 563 766 τοι
591 721 709 777 μάλα
738 721 882 767 πάντα
911 721 1244 777 τελευτήσουσιν
1267 721 1446 778 Ἀχαιοὶ,

254 784 338 836 νῆα
368 781 442 822 καὶ
474 779 668 832 ἐξαίτους
699 779 891 850 ἐρέτας,
900 780 974 822 ἵνα
1003 783 1177 822 θᾶσσον
1197 781 1328 849 ι’κηαι

253 837 295 889 ἐς
325 837 479 880 Πύλον
508 833 707 892 η’γαθέην
737 835 832 892 μετ’
867 834 1039 892 α’γαυοῦ
1068 835 1236 892 πατρὸς
1266 835 1474 893 ἀκουήν.ι

300 940 356 974 cui
380 939 531 974 anlmose
554 940 745 986 respondet
767 939 1022 984 Telemachus,
1056 939 1320 982 cavillantibus‚
1344 940 1502 986 maleque
1529 939 1576 974 illi
1604 951 1749 985 precan-

215 986 305 1021 tibus
313 1012 324 1029 ,
350 986 475 1032 ptociS.

304 1054 394 1098 Τὸν
424 1053 470 1098 6’
502 1056 559 1098 αὐ
572 1054 842 1124 Τηλέμαχος
865 1053 1148 1124 πεπνυμένος
1182 1052 1334 1097 ἀντίον
1340 1053 1497 1124 ηὔδα·

140 1116 221 1156 310
250 1109 471 1163 ,,Ἀντίνο’
475 1143 487 1164 ,
525 1110 674 1162 οὔπως
705 1112 821 1155 ε’στιν
848 1110 1162 1166 υπερφιάλοισι
1192 1109 1294 1165 μεθ’
1325 1109 1434 1166 ὑμῖν

250 1169 498 1212 δαίνυσθαί
519 1166 561 1212 τ’
595 1167 804 1214 ἀκέοντα,
837 1169 911 1212 καὶ
941 1168 1260 1223 εὐφραίνεσθαι
1287 1167 1456 1237 ἕκηλον.

250 1224 280 1281 ἢ
309 1223 391 1295 οὐχ
420 1224 536 1276 α’λις,
574 1224 633 1276 ὥς
662 1224 712 1268 τὸ
742 1222 966 1280 πάροιθεν
996 1226 1176 1298 ἐκείρετε
1203 1225 1345 1269 πολλοὶ
1376 1226 1451 1268 καὶ
1482 1226 1614 1269 ἐσθλὰ

253 1281 439 1352 κτηματ’
451 1281 573 1351 ἐῖμοὶ,
604 1286 874 1354 μνηστῆρες,
894 1282 978 1338 ἐγώ
1011 1282 1053 1326 6’
1082 1283 1143 1325 ε’τι
1172 1298 1332 1338 νηπιος
1360 1300 1440 1353 ηας

251 1343 337 1382 νῦν
370 1337 413 1382 δ’
447 1337 517 1381 ’ότε
549 1337 602 1394 δή
631 1340 764 1393 μέγας
795 1339 900 1394 εἰμὶ,

935 1341 1008 1382 καὶ
1039 1338 1182 1382 ἄλλων
1215 1343 1364 1395 μῦθον
1395 1336 1577 1383 ἀκούων

138 1397 220 1440 315
248 1393 555 1464 πυνθάνομαι,
586 1396 659 1438 καὶ
671 1394 743 1465 δή
773 1412 846 1451 μοι
875 1394 1042 1448 ἀέξεται
1071 1397 1223 1440 ενδοθι
1251 1396 1411 1465 θυμὸς,

249 1451 465 1522 πειρήσω,
500 1451 557 1502 ὥς
586 1450 632 1494 κ’
662 1450 774 1521 ὔμμι
804 1453 942 1504 κακιὶς
970 1454 1037 1496 ἐπὶ
1069 1457 1204 1525 κῆρας
1234 1451 1354 1507 ἰήλω,

246 1506 297 1564 ἠὲ
329 1507 529 1552 Πύλονδ’
559 1507 724 1559 ἐλθών,
753 1507 781 1563 ἢ
811 1508 950 1552 αὐτοῦ
980 1508 1088 1566 τῳδ’
1122 1510 1185 1552 ἐνὶ
1215 1510 1352 1577 δημῳ.

235 1526 335 1622 εἶμι
363 1565 443 1622 μὲν
473 1562 604 1621 (οὐδ’
637 1563 735 1622 ἆλίη
765 1564 870 1618 ὁδός
903 1567 1091 1620 ε’σσεται,
1120 1582 1178 1624 ην
1207 1555 1442 1623 αγορεύω)

118 1737 241 1772 298-
250 1736 332 1771 300.
378 1735 436 1781 βῆ
460 1732 502 1769 δ’
525 1733 703 1777 ἰ’.μεναι
743 1746 777 1768 v.
804 1747 883 1771 ann.

71 1781 117 1818 ad
140 1781 245 1829 ΙΙ.,β’
265 1783 343 1820 183.
367 1783 509 1816 —Am.
533 1781 596 1815 Ε..
624 1782 884 1840 ‹pllovfs‘c-

73 1823 202 1873 ἦτορ.
231 1826 296 1872 (6⁶,
315 1829 393 1868 153,
417 1825 463 1868 α’,
485 1827 551 1862 114
577 1828 664 1872 etc.)
690 1827 759 1863 ov'n
782 1827 884 1864 ἐσκυ-

69 1873 292 1917 θρωπακώς,
317 1871 409 1908 ἀλλὰ
432 1874 650 1918 φροντίζων,
676 1874 884 1920 ἀποδημεῖν

71 1921 222 1968 μέλλων.
253 1940 298 1948 -
330 1921 434 1954 Sch.:
461 1919 757 1964 ἀνιεμένους.
781 1921 882 1957 ἐκδέ-

73 1981 230 2025 otu-vtae,
272 1965 347 2002 οἷπὸ
388 1967 459 2002 τοῦ
473 1968 798 2025 συμβαίνοντος·
842 1968 881 2005 ἐκ

69 2018 146 2057 τῶν
173 2013 272 2050 κάτω
297 2011 366 2058 γὰρ
391 2027 439 2048 τα
467 2012 544 2048 ὄὶνω
565 2015 680 2049 ἵενται
702 2015 737 2050 οὶ
755 2015 881 2051 τοιοῦ-

70 2075 140 2098 τοι.
178 2060 336 2096 similiter
361 2059 401 2093 Ε.
441 2061 533 2104 ‘'f-Z
546 2062 641 2102 ,.80
680 2067 716 2095 et
747 2062 811 2107 Ap.
847 2074 879 2098 v.

69 2106 254 2152 ἀνιεμένη,
280 2107 339 2141 ubi
355 2105 572 2150 ἐκδέροντας
591 2107 809 2142 scribendum
827 2114 882 2143 est.

69 2167 132 2202 pro
151 2154 401 2195 ἐκδαίροντας.
423 2173 468 2178 —
493 2154 566 2187 Am.
583 2153 643 2187 B.:
668 2152 880 2196 σιάλους.

69 2200 141 2246 (ξ’,
162 2200 220 2243 41,
256 2200 296 2235 11.
331 2197 367 2241 ι’,
401 2200 469 2234 208
494 2206 561 2234 etc.
574 2199 592 2241 )
626 2200 810 2242 λιπαρονς
846 2215 878 2236 κ.

67 2248 263 2293 ενιραφεῖς
281 2247 443 2291 χοίρους.
465 2265 511 2271 -
535 2243 587 2281 εὗ
600 2258 762 2288 οντας,
782 2253 880 2282 ustu-

64 2295 190 2329 lanten.
239 2294 364 2327 Voss.:
396 2292 469 2326 und
497 2293 667 2327 schweine
693 2294 766 2327 sich
798 2306 879 2328 sen-

0 2360 1 2395 }
65 2341 191 2396 gend*
178 2352 225 2374 zm
236 2337 376 2384 vorhos.
425 2338 475 2372 E.
500 2351 574 2374 εστι
598 2337 638 2374 δὲ
662 2336 704 2374 τὸ
723 2353 790 2384 μεν
811 2338 874 2376 εὕ-

0 2405 1 2410 =
68 2398 123 2422 ειν
158 2384 333 2441 ἀρχαῖον,
371 2397 475 2420 ουπω
511 2385 776 2430 ἐπινοηθέντος
807 2388 877 2422 τοῦ

65 2433 193 2489 μαδᾷν
219 2429 330 2467 υδατι
367 2431 498 2489 ζέοντι.
544 2433 607 2467 καὶ
637 2434 776 2476 γίνεται
807 2433 873 2469 ἀπ’

68 2476 189 2514 αυτοῦ
214 2479 276 2514 καὶ
306 2475 328 2522 ἦ
356 2490 512 2519 ενστρα,
547 2492 597 2518 ως
630 2480 742 2524 δηλοῖ
764 2480 825 2515 και
855 2478 875 2517 ὁ

70 2523 240 2569 Κωμικὸς
261 2524 552 2582 (Equ.1135.),
578 2522 670 2571 ἥπερ
699 2525 798 2561 ἐστὶν
792 2526 875 2582 ἐρ-

63 2570 285 2628 γαστήριον,
304 2565 387 2606 ἐν
360 2585 387 2616 ῳ
403 2570 523 2615 χοῖρόι
540 2585 571 2606 κ.
591 2572 750 2608 τοιαῦτα
769 2586 875 2608 ευον-

64 2633 137 2658 ται.
175 2618 211 2654 οἱ
232 2616 271 2654 δε
290 2619 445 2652 παλαιοί
461 2629 576 2662 φασιν
597 2630 714 2653 ουτω·
736 2615 874 2675 ιεὗιιτρα

62 2664 227 2724 βόθρος
262 2662 302 2699 ἐν
337 2657 365 2708 ᾦ
399 2664 662 2709 περιφλέγουσι
700 2664 766 2706 τοὶς
800 2668 875 2701 τῶν

60 2709 140 2750 ὕων
160 2711 285 2756 τρίχας
305 2715 371 2744 eto.
420 2709 467 2744 cf.
495 2721 571 2745 ann.
597 2712 642 2745 ad
666 2711 705 2747 11.
732 2726 768 2755 ι,
793 2713 873 2750 468.

104 2781 227 2816 803-
235 2781 315 2815 307.
366 2777 479 2823 μήτι
500 2797 546 2803 -
571 2777 677 2822 ἔπος
701 2794 763 2825 τε,
796 2780 872 2817 ἀλ-

58 2823 112 2862 λαὶ
136 2832 223 2868 etc„
245 2838 289 2860 ne
315 2827 361 2859 sit
384 2826 446 2859 tibi
464 2835 568 2859 curae
589 2838 664 2860 cum
685 2829 871 2872 quidquam

59 2874 173 2915 alind,
199 2877 273 2907 tun
302 2874 429 2905 malum
462 2872 602 2915 aliquod
619 2885 702 2917 opus
721 2876 775 2909 vel
793 2884 872 2909 ver-

58 2920 157 2960 bum,
181 2919 242 2953 sed
272 2920 364 2953 edito
390 2919 475 2952 mihi
503 2922 535 2951 et
561 2918 687 2960 bibito,
715 2927 753 2956 ιιι
773 2927 866 2958 ante,

57 2966 102 3000 de
131 2967 197 3000 hae
229 2965 483 3021 significatione
515 2964 585 2999 τοῦ
613 2962 701 3002 ἄλλο
727 2978 761 3001 v.
785 2978 864 3003 ann.

55 3012 99 3048 ad
123 3010 279 3056 «2132.
311 3031 357 3038 -
389 3007 505 3047 ἀλλά
536 3023 627 3055 μοι.
666 3011 717 3048 sic
751 3013 792 3048 Α.
814 3016 864 3057 2.,

931 1736 976 1779 Ε,
1001 1737 1059 1771 W.
1085 1736 1225 1782 elegans
1249 1736 1444 1795 scriptura,
1471 1747 1555 1795 prae
1579 1747 1648 1782 qua
1671 1747 1747 1771 sor-

932 1783 992 1817 det
1012 1783 1156 1829 vulgata
1171 1785 1257 1818 haec
1279 1783 1371 1819 ἄλλα
1388 1783 1480 1827 μάλ’
1499 1782 1580 1819 ἔσθ.
1629 1783 1679 1817 E:
1706 1781 1747 1819 ἐν

931 1828 972 1865 δὲ
997 1830 1049 1875 τῷ
1073 1829 1191 1866 ἀλλά
1215 1842 1298 1873 μοι
1322 1828 1423 1866 ἔσθ.
1452 1828 1604 1875 περισσὴ
1627 1833 1746 1887 νεῖται

930 1876 1104 1921 συνήθως
1136 1876 1382 1931 (familiariter
1411 1877 1639 1922 abundant}
1660 1876 1746 1912 ἅντ-

929 1924 1087 1966 ωνυμιᾝα
1119 1943 1164 1948 —-
1206 1919 1393 1967 Ἀχαιοί.
1438 1923 1611 1964 Achivos,
1617 1890 1680 1958 nh.
1714 1936 1744 1959 e.

927 1970 1145 2011 Ithacenses,
1171 1981 1289 2004 navem
1314 1970 1363 2003 illi
1389 1975 1570 2003 curaturos
1588 1980 1664 2004 esse
1683 1969 1745 2012 ait,

928 2028 996 2050 non
1022 2027 1164 2062 procos,
1192 2015 1249 2061 qui
1273 2016 1310 2050 id
1335 2016 1520 2057 nolebant3
1546 2029 1608 2050 nec
1634 2017 1745 2060 magis

927 2063 1077 2097 futurum
1102 2074 1176 2096 esse
1199 2067 1322 2107 sperat.
1346 2074 1446 2108 quam
1466 2062 1644 2097 Leocritus
1660 2064 1742 2099 253.

927 2121 1037 2154 quare
1069 2108 1211 2143 alienam
1237 2109 1279 2142 ab
1309 2120 1347 2142 se
1372 2109 1582 2143 voluntatem
1616 2121 1744 2154 proco-

927 2166 1000 2189 rum
1033 2155 1189 2200 quer'ntur
1224 2154 1449 2189 Telemachus
1483 2157 1563 2191 319.
1613 2156 1660 2189 cs.
1697 2153 1742 2198 δ’,

927 2202 1044 2237 638-
1060 2200 1139 2236 640.
1189 2219 1230 2226 -·
1276 2199 1538 2243 ἐξαίτους,
1582 2202 1742 2243 delectos,

926 2252 1156 2292 praestantes.
1182 2246 1219 2281 ll.
1246 2245 1296 2290 μ’,
1320 2250 1421 2284 326:
1448 2245 1553 2284 οἶνόν
1577 2245 1615 2282 τ’
1642 2247 1740 2292 εξαι-

923 2307 1001 2329 τον.
1036 2295 1137 2327 Sch.:
1164 2292 1364 2337 ἐξαίρετον.
1389 2306 1421 2328 v.
1448 2295 1553 2329 Schn.
1580 2294 1612 2330 h.
1637 2306 1670 2328 v.
1693 2316 1739 2321 —-

924 2339 1138 2382 α’κουην,
1171 2352 1362 2386 rumorem,
1396 2341 1533 2376 famam.
1579 2339 1626 2383 δ’,
1657 2343 1740 2385 701,

919 2387 959 2422 11.
984 2385 1036 2430 π’,
1060 2386 1129 2422 634
1153 2393 1221 2421 etc.

969 2452 1737 2513 310-320.ὖπερφιάιοισι.α’,

924 2503 992 2538 134
1017 2507 1082 2536 etc.
1113 2521 1150 2527 —
1186 2501 1301 2536 Har1.:
1327 2499 1548 2538 ακέοντα.
1596 2499 1738 2543 Ῥιανὸς

921 2547 1057 2592 γράφει
1082 2546 1300 2584 ἀέκοντα.
1327 2550 1478 2584 oscitans
1497 2560 1737 2594 nonnunquam

921 2596 1150 2629 hallucinatus
1182 2600 1235 2629 est
1267 2596 1375 2630 bonus
1408 2596 1461 2629 vir
1486 2595 1651 2631 Rhianus.
1699 2607 1735 2631 v.

921 2642 1000 2676 241.
1027 2661 1071 2666 —
1106 2639 1328 2685 ἐκείρετε.
1358 2642 1423 2677 143
1449 2647 1515 2675 etc.
1540 2659 1585 2665 ——
1618 2653 1735 2676 πυν-

919 2687 1163 2732 θάνομαι,
1181 2690 1348 2733 comperi,
1367 2700 1428 2721 vos
1447 2688 1626 2721 absumere
1644 2688 1734 2723 bont

918 2746 1004 2769 mea.
1045 2754 1091 2759 —
1130 2734 1306 2778 θυμὸς,
1347 2735 1500 2773 animus,
1532 2745 1646 2789 genu,
1671 2735 1734 2769 der

918 2781 1031 2815 Muth.
1068 2780 1169 2825 longe
1204 2781 1272 2815 alio
1303 2791 1404 2813 sensu
1439 2777 1570 2823 θυμὸν
1610 2777 1733 2823 ἀέξειν

916 2827 1005 2862 dixit
1030 2827 1293 2883 Sardanapallus
1321 2827 1497 2872 epitaphio
1522 2838 1578 2870 ap,
1603 2828 1730 2864 Athen.

915 2874 950 2914 8,
971 2875 1026 2908 3.
1055 2885 1093 2908 ευ
1131 2873 1238 2912 εἰδώς
1271 2885 1330 2907 οτι
1358 2873 1501 2929 θνητός
1527 2871 1642 2916 ἔφυς,
1663 2874 1729 2909 τὸν
1783 2920 1786 2922 ¹

914 2917 1043 2960 θυμὸν
1067 2917 1148 2961 ἄεξε
1178 2925 1245 2954 etc.
1293 2919 1399 2953 Scin-2
1423 2917 1442 2955 6
1467 2919 1505 2954 δὲ
1528 2922 1606 2963 Σαρ
1611 2918 1727 2955 δαπά-

912 2969 1029 3007 ηαλος
1044 2965 1173 3010 θυμὸν
1189 2963 1310 3009 α’έξειν
1333 2965 1376 3001 τό
1405 2966 1498 3010 πρὸς
1517 2965 1725 3010 ἐπιθυμίαν

910 3014 987 3060 ζῇν.
1015 3033 1050 3038 -
1079 3011 1155 3050 ἐπὶ
1182 3031 1218 3038 -
1248 3010 1373 3058 ἰήλω.
1396 3012 1450 3055 θ’,
1466 3013 1547 3056 443,
1573 3011 1723 3059 933211,
