1856 3282
137 118 215 159 176

757 120 1146 163 ΟΜΗΡΟΥ

388 230 475 274 Τὸν
505 229 546 275 δ’
578 229 650 284 ἄρ’
677 231 743 274 ἐνὶ
769 228 1000 302 προδόμῳ
1011 226 1104 286 εὗρ’
1125 230 1316 300 ἥμενον,
1345 232 1454 276 ἔνθα
1485 233 1527 276 οἱ
1557 232 1665 289 mn»)

301 285 447 358 ὑψηλή
478 288 659 357 δέδμητο
688 286 950 342 περισκέπτῳ
983 286 1048 330 ἐνὶ
1074 287 1239 358 χώρῳ,

301 343 413 412 καλή
438 359 505 393 τε,
536 343 703 414 μεγάλη
723 360 788 393 τε,
818 345 1101 414 περίδρομος,
1133 343 1206 412 ἥν
1215 343 1270 398 ῥα
1300 343 1494 399 συβώτης

221 404 273 442 10
306 398 440 449 αὐτός
470 399 644 455 δείμαθ’
674 400 823 443 ὕεσσιν
853 399 1158 456 ἀποιχομένοιο
1190 399 1388 452 ἄνακτος,

298 455 460 510 νόσφιν
489 456 714 523 δεσποίνης
743 456 816 499 καὶ
844 457 1042 511 Λαέρταο
1075 457 1294 525 γέροντος,

301 511 497 565 ῥυτοῖσιν
524 511 708 584 λάωεσσι,
722 513 796 555 καὶ
826 512 1092 569 ἐθρίγκωσεν
1122 512 1300 581 ἀχέρδῳ.

298 567 514 622 σταυρούς
543 567 586 611 δ’
616 567 736 618 ἐκτὸς
769 568 917 612 ἔλασσε
946 571 1102 624 διαμπε
1093 569 1183 636 -ρὲς
1205 568 1313 611 ε’νθα
1338 569 1412 610 καὶ
1439 567 1547 610 ἔνθα

296 623 490 674 πυκνούς
517 624 590 667 καὶ
617 626 804 694 θαμέας,
834 625 881 668 τό
912 626 1046 680 μέλαν
1077 623 1212 680 δρυὸς
1241 622 1552 679 ἀμφικεάσσας·

220 681 270 723 15
301 681 504 723 ε’ντοσθεν
533 679 573 723 δ’
605 679 741 748 αὐλῆς
770 681 964 750 συφεούς
994 683 1257 726 δυοκαίδεκα
1285 681 1401 723 ποίει

297 737 480 805 πλησίον
509 734 729 792 ἀλλήλων,
763 736 888 789 εὐνας
918 739 1066 782 συσίν·
1099 738 1145 781 έν
1177 737 1223 780 δὲ
1251 735 1415 792 ἑκάστῳ

297 791 566 847 πεντήκοντα
595 793 694 845 σύες
722 794 1035 865 χαμαιευνάδες
1064 792 1342 866 ἐρχατόωντο,

298 848 469 906 θήλειαι
497 849 687 901 τοκάδες.

133 985 251 1014 ουτως
281 973 343 1008 καὶ
373 972 461 1015 τούς
490 974 585 1009 κατὰ
616 973 681 1010 τὸν
715 973 817 1012 οἷκον
843 976 932 1012 δού-

132 1021 232 1060 λους.
276 1019 326 1052 ita
349 1021 483 1076 quidem
506 1022 540 1055 11.
564 1021 607 1062 1.,
630 1021 667 1055 id
692 1023 782 1066 quod
806 1023 933 1058 inteni-

133 1075 195 1108 gas
219 1076 260 1099 ex
283 1066 397 1100 verbis
421 1080 487 1108 ους
510 1066 668 1113 κτήσατο
693 1070 725 1103 δ.
749 1067 831 1104 ’.Οδ

179 1134 323 1169 7-12.
370 1133 607 1196 προδόμῳ.
643 1134 688 1177 δ’,
712 1138 780 1171 302
801 1142 867 1170 etc.
886 1154 932 1161 -—-

133 1175 250 1222 αὐλή
255 1180 390 1221 ‚chors.
415 1179 546 1222 13184.
566 1199 611 1206 —-
642 1181 933 1225 περισκέπτῳ

133 1224 252 1269 ἐνὶχ.
273 1224 319 1266 α’,
338 1225 418 1270 426,
436 1225 575 1268 κ’.,211
608 1229 679 1262 Am.
701 1229 808 1284 Ω.)
788 1242 848 1263 ινα
865 1227 933 1286 γιῖξρ

130 1271 376 1327 περισκοπῶσι
392 1287 438 1308 τα
454 1272 556 1317 πέριξ
573 1271 611 1307 ἐν
628 1277 706 1314 τοῖς
726 1272 863 1318 ἀγροῖς,
895 1274 933 1309 ἐν

131 1314 263 1364 νψηλῷ
288 1315 352 1358 τοὶς
377 1317 545 1359 ἐπαύλεις
571 1321 821 1364 οικοδομοῦσι.
864 1332 935 1356 πε-

133 1376 153 1406 ρ
166 1365 339 1408 ίδρομο
353 1378 380 1405 ς.
400 1366 458 1409 (11.
468 1365 514 1411 β’,
523 1367 590 1400 812
601 1368 686 1411 etc.)
704 1366 935 1412 περιοδευτή,

131 1410 298 1455 γείτονας
319 1411 370 1455 μή
403 1411 537 1456 ἔχουσα
560 1412 649 1454 τούς
671 1412 936 1458 ἐμποδίζοντας

133 1457 184 1503 τῷ
216 1458 425 1512 βουλομένῳ
466 1460 703 1514 περιδραμεῖν
734 1475 766 1496 κ.
796 1463 936 1504 περιελ-

130 1506 216 1538 θεῖν
239 1501 369 1548 αύτήν.
459 1502 608 1550 :7'1'yovv
633 1507 876 1563 περιοδευομέ
878 1519 934 1551 νη,

132 1548 394 1594 ἀγειτόνευτος.
435 1548 458 1595 ἢ
476 1551 693 1609 κυκλοτερὴς
716 1553 779 1588 διοὶ
803 1551 844 1589 τὸ
867 1566 936 1587 πο-

132 1596 436 1641 λυχωρητότερον.
456 1617 502 1623 -
535 1610 590 1632 av
602 1612 697 1640 τος
720 1601 805 1644 ipse,
829 1600 935 1640 solus,

133 1653 195 1676 sua
217 1649 352 1688 sponte,
377 1655 437 1676 nec
453 1644 554 1687 jussu
571 1644 725 1679 dominae
748 1652 807 1680 aut
828 1646 935 1679 La'e'r-

134 1692 211 1729 tae,
254 1690 342 1734 quod
377 1689 459 1722 dicit
499 1689 645 1736 νόσφι
677 1693 922 1746 δεσποίνηςκ
902 1705 934 1726 a.

134 1713 313 1777 Λαέρταο.
332 1755 377 1760 -
410 1734 632 1777 ῥυτοῖσιν
656 1736 842 1779 λάεσσι,
867 1738 936 1771 ad-

135 1782 280 1815 vectatis
314 1782 497 1825 lapidibus.
529 1780 574 1825 ζ’,
598 1785 678 1819 267.
703 1803 748 1809 ——
779 1783 862 1827 έθρ
876 1784 937 1828 ly-

134 1838 293 1862 κωσεν.
319 1826 536 1872 ἐχαράκωσε,
555 1829 622 1874 τήν
639 1828 938 1875 στεφάνηνέποί-

135 1886 236 1917 ησεν.
279 1872 329 1907 E:
356 1876 626 1925 θριγκωσαι
645 1876 688 1911 τό
713 1877 936 1934 χαρακώσαι,

137 1920 162 1965 ἢ
196 1917 381 1965 στεφάνην
417 1933 449 1955 κ.
483 1934 564 1957 οιον
594 1923 697 1981 τρίχα
736 1936 822 1958 τινα
860 1921 940 1958 ἐπι-

139 1971 265 2003 θεῖναι
306 1965 619 2025 οἰκοδομήμασιν,
658 1967 684 2013 ἢ
717 1970 779 2005 καὶ
820 1967 941 2011 ἄλλοις

141 2015 344 2072 φραγμοῖς,
376 2012 517 2058 κόσμου
550 2011 584 2072 ἢ
605 2011 804 2059 ἀσφαλείας
825 2015 941 2071 χάριν

141 2058 216 2096 ἀπὸ
238 2061 304 2102 τῆς
326 2059 449 2104 τριχὸς
469 2059 539 2105 γάρ
565 2058 584 2096 ὁ
606 2061 760 2117 θριγκὸς
782 2061 854 2107 (η’
879 2063 940 2106 87)

140 2103 236 2142 κατὰ
258 2104 506 2162 ἀντιστοιχίαν
526 2107 747 2165 συμφώνων.
766 2127 811 2133 —
835 2109 939 2142 8ο11.ι

142 2151 337 2211 ἀχέρδῳ.
389 2150 542 2211 ἄχερδός
585 2153 683 2189 ἐστιν
726 2152 941 2194 ἀκανθῶδες

142 2198 286 2244 φυτόν,
317 2197 354 2240 ἐξ
385 2197 429 2234 οὗ
461 2196 527 2240 τοὶς
559 2200 732 2244 αἱμασιὰς
755 2201 939 2235 ποιοῦσιν.

141 2245 233 2281 ε’νιοι
257 2243 295 2280 δε
320 2245 432 2288 (velut
456 2246 528 2280 Am.
547 2246 591 2287 Q.
616 2252 651 2281 et
673 2248 733 2290 Β.)
758 2243 943 2282 ἀπέδοσαν

140 2290 208 2347 τήν
241 2290 372 2336 ἀγρίαν
407 2289 537 2326 απιον·
570 2292 793 2338 ἀκανθώδης
822 2291 891 2337 γὰρ
920 2289 942 2337 ἦ

142 2335 242 2395 αύτὴ
273 2338 414 2395 εἴωθεν
447 2335 554 2372 εἶναι.
601 2339 651 2373 E:
683 2359 728 2364 —
756 2339 945 2380 πλεονάζει

142 2383 184 2420 δε
202 2382 244 2419 τὸ
263 2385 285 2419 δ
303 2381 341 2418 ἓν
360 2381 494 2439 ταύτῃ·
521 2383 636 2441 ἄλλῳς
652 2383 721 2439 γάρ
741 2383 869 2430 ἅχερός
887 2386 942 2428 (ἓ)

142 2429 261 2471 ἐστιν,
295 2425 338 2474 ἧς
361 2427 537 2473 ἅψασθαι
561 2428 629 2465 οὐκ
653 2432 727 2467 ἐστι
750 2432 854 2487 χειρί.
889 2432 945 2475 pi-

142 2489 219 2511 rum
242 2455 428 2510 silvestrem
449 2475 664 2510 Dioscorides
689 2477 812 2521 aliique
833 2476 944 2521 άχρά

144 2524 193 2558 δα
215 2527 358 2563 vocant,
383 2521 482 2555 simili
506 2523 638 2556 nomine
662 2523 713 2566 (v.
737 2524 944 2557 Billerbeck·

144 2570 239 2603 Flor.
265 2568 364 2601 class.
388 2578 422 2612 p.
448 2568 566 2611 130.);
590 2568 651 2601 sed
675 2568 787 2603 aliena
811 2575 863 2604 est
887 2581 945 2602 ar-

144 2615 208 2649 bor
231 2626 272 2648 ea
297 2614 340 2648 ab
364 2614 397 2647 h.
423 2612 467 2653 1.,
498 2624 561 2646 nec
586 2614 743 2655 dubium,
776 2616 857 2659 quin
887 2615 946 2648 di-

146 2665 245 2694 catur
267 2670 376 2703 genus
400 2658 536 2703 aliquod
554 2659 685 2705 spinae,
710 2640 856 2694 fssrtasse
876 2661 947 2704 spi-

145 2717 191 2739 na
213 2705 292 2738 alba
314 2716 374 2738 seu
398 2709 584 2748 crataegus
601 2707 817 2749 oxyacantha
835 2706 932 2742 Linn.
925 2731 947 2749 .‚

147 2750 821 2840 {511555'stff22‘53ff15225122221212?2122
831 2753 951 2842 ‘3532

151 2853 188 2875 er
211 2843 402 2888 bepllanzte
425 2843 488 2876 mit
512 2843 682 2888 hagdorn.

200 2910 866 2960 13-21.8ο11.εσταυρούς.τᾰ
891 2909 956 2952 ὄρ·
1001 2908 1121 2944 αὐτου
1136 2908 1175 2944 δε
1191 2913 1326 2954 γίνεται
1340 2909 1382 2944 τὸ
1409 2908 1600 2964 έρχαταῖ,
1622 2907 1690 2944 οὐκ
1709 2905 1799 2963 ἀγα-

152 2952 209 2990 θοὶ
239 2968 274 2990 κ
307 2954 535 3001 ἀπεξυσμένα
566 2956 667 3001 ξύλα.
698 2959 808 3002 palos.
847 2956 892 2991 cf.
916 2957 956 2992 11.
1001 2955 1076 2992 θὸν
1099 2954 1200 3001 ῥῆμα
1223 2957 1275 2998 εἰς
1297 2954 1408 3000 πεζήν
1423 2953 1583 3001 γραφήν.
1602 2973 1648 2979 -
1671 2951 1802 2997 μινύ-
1852 2974 1856 2989 ι

745 851 812 893 τοὶ
841 849 882 894 δ’
913 850 1089 907 ἄρσενες
1119 849 1240 901 ἐκτὸς
1266 850 1410 901 ἴαυον,

979 974 1032 1017 ω’,
1058 972 1136 1011 453.
1157 994 1202 999 -
1238 974 1291 1008 E:
1317 972 1480 1009 ελασεν
1505 969 1585 1007 ἀντὶ
1608 971 1675 1005 τοῦ
1697 967 1776 1014 ἐξὴ-

977 1024 1118 1063 πλωσε,
1149 1019 1346 1078 παρέτεινε.
1374 1039 1419 1045 -
1457 1018 1498 1054 τὸ
1534 1016 1573 1053 δε
1597 1016 1716 1052 ἔνθα
1743 1028 1776 1051 κ.

978 1067 1094 1103 ἔνθα
1119 1067 1291 1123 ἑρμηνεία
1314 1064 1388 1100 ἐστὶ
1410 1065 1477 1100 τοῦ
1502 1060 1776 1109 διαμπερές.

977 1132 1024 1139 —·-
1055 1111 1099 1148 τό
1137 1111 1178 1148 δε
1201 1110 1408 1150 πυκνοὺς
1436 1125 1468 1145 κ.
1502 1109 1688 1153 θαμέας
1716 1121 1778 1142 και

979 1159 1047 1193 νῦν
1066 1159 1124 1202 (ut
1141 1158 1189 1201 μ,
1209 1160 1269 1202 92)
1293 1159 1349 1212 τῆ
1356 1155 1572 1201 παραλλήλῳ
1590 1155 1693 1191 θέσει
1711 1154 1779 1196 τήν

980 1202 1074 1247 ἄγαν
1099 1184 1214 1259 δηέόῖ
1229 1202 1455 1259 πυκνότητα.
1496 1204 1570 1258 (at
1574 1214 1631 1236 πυ
1642 1213 1780 1240 κνους

985 1256 1037 1284 est
1060 1248 1246 1307 ἰσχυρούς.
1278 1262 1311 1284 V.
1333 1247 1381 1293 μ’,
1397 1251 1455 1291 92,
1479 1249 1519 1282 11.
1540 1246 1584 1289 κ’,
1602 1248 1670 1283 267
1692 1248 1781 1290 etc.)

980 1295 1126 1341 μέλαν
1158 1295 1198 1332 δὲ
1231 1296 1377 1340 δρυὸς
1407 1292 1534 1337 οἱμὲν
1554 1292 1624 1338 τὴν
1647 1291 1782 1337 ἐντερι-

980 1342 1078 1388 ω’νην
1104 1343 1303 1398 (perperam
1327 1341 1423 1376 libri:
1439 1340 1682 1401 ε’ντεριόνην)
1707 1352 1781 1395 φα-

982 1389 1060 1430 σὶν,
1102 1388 1219 1444 ήγουν
1248 1386 1289 1424 τὸ
1323 1387 1516 1431 ἐγκάρδιον
1557 1389 1622 1432 τῆς
1656 1383 1780 1430 δρυὸς,

979 1436 1091 1479 μέλαν
1126 1449 1176 1476 ως
1207 1432 1253 1469 τὰ
1285 1433 1402 1470 πολλοὶ
1435 1432 1489 1470 ὄν.
1533 1434 1672 1491 (VossJ
1703 1443 1782 1466 vom

982 1483 1065 1516 kern
1088 1482 1148 1516 der
1170 1483 1309 1526 gespalt
1312 1493 1396 1515 enen
1412 1481 1551 1525 eiche)
1558 1478 1784 1534 Ἀρίσταρχος

982 1527 1022 1562 δε
1052 1525 1118 1562 τὸν
1153 1529 1273 1571 φλοῦν
1305 1524 1402 1562 οὕτω
1433 1530 1532 1563 νοεῖ·
1568 1522 1717 1581 Κράτης
1741 1522 1782 1558 δὲ

981 1573 1049 1619 τήν
1073 1574 1262 1617 δασύτητα
1275 1587 1307 1607 κ.
1323 1571 1459 1617 πολλὴν
1476 1570 1689 1629 πυκνότητα
1707 1571 1783 1605 τῶν

982 1620 1130 1675 φύλλων
1158 1619 1390 1665 μελάνδρυον
1419 1623 1540 1660 καλεῖ,
1574 1617 1625 1659 ὠς
1659 1618 1783 1652 αἰτίαν

981 1667 1031 1702 τῶ
1066 1666 1160 1713 ξύλῳ
1188 1666 1363 1708 μελανίας
1394 1665 1458 1700 &cz
1487 1667 1554 1709 τῆς
1577 1665 1692 1705 σκιᾶς.
1716 1663 1782 1706 U)

983 1704 1134 1757 φέρεται
1159 1709 1200 1747 δε
1222 1712 1284 1747 καὶ
1308 1710 1487 1756 Αἰσχύλου
1509 1711 1636 1756 χρῆσις
1658 1710 1698 1746 ἐν
1719 1712 1784 1745 Φι-

981 1759 1088 1804 λοκτή
1092 1773 1134 1803 τη
1169 1759 1335 1802 (fortasse
1362 1757 1554 1792 Philoctete
1586 1757 1626 1793 ἐν
1654 1757 1785 1802 Τροίᾳ,

983 1807 1079 1849 cujus
1113 1804 1249 1838 fabulae
1281 1804 1480 1848 fragmentis
1511 1804 1596 1838 haec
1629 1804 1787 1838 addenda

983 1851 1133 1885 fuerint:
1159 1862 1234 1884 nam
1256 1850 1291 1883 in
1312 1850 1502 1894 cognomini
1521 1850 1593 1892 illa,
1618 1861 1705 1906 quae
1725 1862 1785 1884 ae-

983 1903 1089 1931 tatem
1114 1897 1214 1937 tulit,
1237 1908 1305 1929 non
1328 1896 1531 1941 leguntur.)
1549 1894 1785 1941 κρεμάσα-

986 1955 1038 1978 σα
1062 1943 1130 1986 (sic
1153 1944 1227 1976 Am.
1252 1942 1297 1982 Q.
1326 1948 1360 1976 et
1384 1941 1427 1976 B.
1469 1941 1501 1975 E
1529 1943 1698 1988 corruptis
1722 1953 1785 1976 nu-

987 1989 1104 2024 meris:
1134 1986 1348 2032 κρεμάσας.)
1380 1985 1521 2032 τόξον
1547 1990 1715 2028 πίτυος
1738 1987 1785 2024 ἐκ

986 2047 1022 2088 μ
1023 2047 1038 2070 ε
1051 2038 1130 2069 λαν
1143 2037 1164 2070 δ
1176 2048 1195 2078 ρ
1206 2033 1229 2068 ὑ
1242 2047 1260 2069 ο
1271 2047 1305 2068 v.
1338 2033 1378 2070 ἐν
1396 2033 1435 2069 δὲ
1456 2034 1639 2093 ρητορικῳ
1662 2035 1787 2081 λεξικῷ

988 2078 1150 2136 εὕρηται
1169 2081 1231 2116 καὶ
1260 2076 1319 2115 ὅτι
1349 2079 1469 2124 μήτρα
1498 2080 1541 2115 τό
1574 2083 1688 2125 μέσον
1717 2083 1786 2116 τοῦ

986 2123 1144 2170 ξύλου,
1128 2124 1150 2162 ό
1163 2139 1258 2167 τινες
1269 2125 1485 2182 ἐντεριώνην
1502 2127 1678 2171 λέγουσιν,
1695 2126 1788 2164 ωστε

985 2174 1122 2208 ταυτὸν
1155 2171 1250 2209 εἶναι
1284 2174 1337 2218 τῷ
1359 2171 1461 2228 λόγῳ
1489 2172 1609 2222 τούτῳ
1631 2175 1788 2219 μήτραν,

989 2217 1223 2264 ἐντεριώνην,
1255 2232 1286 2253 κ.
1310 2207 1432 2262 μέλαν
1463 2210 1595 2276 δρυός.
1634 2223 1707 2257 Am.
1741 2221 1787 2262 Q.

990 2271 1026 2300 et
1047 2266 1106 2301 B.:
1140 2285 1184 2291 —
1207 2263 1251 2300 τό
1276 2263 1316 2300 δε
1341 2264 1483 2322 δρυὸς
1513 2264 1670 2302 δύναται
1691 2269 1788 2303 νοεῖ-

990 2314 1082 2347 σθαι
1103 2311 1165 2347 και
1189 2309 1249 2346 ἐπὶ
1270 2312 1407 2353 παντὸς
1438 2311 1564 2355 ξύλου.
1610 2312 1787 2357 δρυμοὶ

988 2371 1058 2418 γαρ
1081 2357 1210 2413 (malim
1237 2357 1402 2401 δρυμοὶ,
1428 2363 1467 2392 ut
1490 2357 1534 2401 κ’,
1554 2359 1621 2394 150
1641 2361 1724 2404 etc.)
1748 2358 1787 2394 αἱ

989 2402 1087 2446 ὗλαι,
1109 2417 1142 2438 κ.
1167 2402 1412 2464 ἀκρόδρυα
1434 2405 1509 2439 ταῖν
1531 2404 1682 2440 πάντων
1706 2403 1789 2440 δέν·
1854 2432 1856 2453 5

989 2452 1088 2495 δρων
1111 2449 1148 2485 οἱ
1171 2451 1327 2494 καρποὶ,
1352 2464 1384 2485 κ.
1409 2452 1664 2494 δρνπετεῖς
1687 2452 1788 2495 (fort.
1855 2473 1856 2479 ,

990 2497 1186 2540 δρυπεπεῖς
1218 2497 1275 2530 vel
1308 2496 1524 2540 δρυπέπειςε
1556 2509 1589 2532 v.
1613 2497 1789 2542 Aristoph.

989 2544 1072 2588 Lys.
1094 2542 1193 2585 530.)
1220 2541 1390 2577 ἐλαῖαι.
1416 2543 1580 2598 pertinet
1600 2544 1666 2578 huc
1687 2543 1790 2577 etiam

992 2587 1176 2646 δρυτόμος
1209 2586 1302 2633 ἀνὴρ
1333 2589 1375 2623 11.
1397 2587 1448 2632 λ’,
1471 2590 1535 2645 86,
1568 2589 1627 2622 ubi
1650 2600 1683 2623 v.
1710 2599 1790 2623 ann.

990 2654 1036 2660 -—
1069 2632 1421 2677 ἀμφικεάσσας,
1460 2631 1713 2679 ἀμφικεάσας,
1746 2634 1791 2668 ab

995 2678 1219 2724 ἀμφικεάζω,
1240 2680 1483 2724 circumfindo.
1500 2700 1546 2706 -
1569 2676 1792 2736 συφεούς,

997 2727 1111 2760 ειιὶΙία.
1142 2728 1198 2767 75,
1220 2739 1265 2768 κ,
1281 2728 1370 2769 238
1395 2728 1475 2762 389.
1494 2747 1540 2753 --
1563 2725 1668 2767 σύες
1691 2736 1791 2770 χαμ-

997 2771 1050 2815 κ’,
1074 2772 1152 2808 243.
1183 2791 1228 2796 --
1271 2773 1322 2806 E:
1355 2771 1397 2807 τό
1430 2771 1470 2807 δὲ
1500 2770 1792 2828 ἐρχατόωντο

997 2819 1132 2858 καινῶς
1153 2819 1346 2875 παρῆκται.
1383 2817 1613 2874 προϋπάρχει
1635 2816 1703 2861 μὲν
1723 2815 1796 2861 γάρ

996 2862 1157 2899 Ἰωνικὸν
1180 2863 1221 2899 τὸ
1247 2863 1415 2908 ἔρχατο
1440 2861 1502 2907 (ι’,
1524 2865 1590 2899 221
1615 2864 1733 2920 etc-⁶)
1758 2861 1797 2905 ἐξ
