1856 3282
546 145 1129 190 ΟΔΥΣΣΕΙΑΣ
1184 146 1237 185 Α.

1660 144 1722 185 35

279 259 372 294 canit
395 257 490 303 apud
513 269 636 303 procos
659 257 821 292 Phemius
846 255 979 291 tristem
1006 255 1224 290 Graecorum
1248 253 1414 295 reditum
1439 253 1498 288 sed
1521 253 1722 299 interpena-

199 310 255 340 tur
279 318 300 340 a
323 305 494 349 Penelope
518 312 695 339 commota.

115 378 200 420 325

297 376 422 444 Τοῖσι
453 370 496 415 δ’
526 370 678 421 αόιδὸς
707 368 822 413 ἄειδε
851 367 1127 423 περικλυτὸς,
1159 367 1204 409 οἱ
1233 365 1279 409 δὲ
1310 368 1454 420 σιωπῇ

233 427 342 473 εἵατ’
374 427 631 479 ἀκούοντες·
663 425 686 471 ὁ
719 424 765 470 6'
792 424 976 481 Ἀχαιων
1003 424 1168 468 νόστον
1196 420 1314 465 ἄειδε

233 484 419 542 λυγρὸν,
450 484 503 528 6v
533 485 581 528 ἐκ
615 484 776 552 Τροίης
804 483 1066 526 ἐπετείλατο
1078 478 1255 529 Παλλὰς
1279 477 1458 547 Ἀθήνη.

312 545 404 584 Τοῦ
438 541 482 585 δ’
509 538 786 596 ’ὖπερωϊόθεν
815 539 947 594 φρεσὶ
978 536 1168 581 σύνθετο
1198 534 1358 579 θέσπιν
1386 531 1548 590 ἆοιδην

227 598 367 655 κούρη
394 596 627 654 Ἰκαρίοιο,
657 598 889 652 περίφρων
921 593 1217 651 Πηνελόπεια·

223 660 288 679 *ιιι

115 718 198 758 330
227 713 418 782 κλίμακα
448 708 495 754 δ’
524 708 702 766 ὖψηλῆν
730 706 998 781 κατεβήσατο
1029 703 1098 749 οἷο
1131 703 1302 777 δόμοιο,

229 767 313 813 οὐκ
344 770 437 824 οίη,
468 765 556 823 ἅμα
583 771 687 824 τῇγε
716 766 791 810 καὶ
822 764 1070 821 ἀμφίπολοι
1099 760 1174 806 δύ’
1207 761 1381 805 ε’.ποντο

61 892 262 927 Aristarcho
297 891 467 937 placuisse
500 891 622 926 dicunt
653 891 727 925 Αιιι.
752 890 798 923 Ε.
834 893 871 923 et

63 940 110 980 Q.
146 944 180 973 et
219 938 540 988 Pseudodidymus,
579 938 611 971 E
646 935 870 971 Demostheni

62 985 215 1028 Thraci,
251 991 288 1036 et
320 985 447 1041 putari
469 982 567 1024 εἶδος
601 980 731 1041 ὀρνέου
757 979 872 1016 ἀετώ-

0 1053 1 1056 =
62 1032 175 1071 δους,
209 1029 310 1087 φήνῃ
344 1027 523 1071 ἐοικότος.
581 1030 618 1065 οὶ
661 1029 701 1065 δέ
736 1040 872 1081 φασιν,

0 1079 1 1091 ’
61 1077 192 1133 inquit,
228 1075 286 1112 ότι
311 1076 484 1112 διέπτατο
519 1074 737 1111 α’νόπαια
771 1074 873 1118 (sic),

59 1136 184 1181 ηγουν
200 1121 273 1159 οἷνοὶ
305 1122 375 1167 τήν
398 1121 497 1167 όπήν
528 1122 597 1168 τὴν
623 1121 661 1157 ἓν
688 1122 784 1165 μέσῳ
809 1122 875 1164 τῆς

0 1200 1 1206 ,
60 1171 224 1214 ὀροφῆς,
251 1167 299 1216 ἣν
321 1169 384 1205 καὶ
407 1169 554 1226 κάπνην
578 1183 609 1203 κ.
636 1158 874 1211 καπνοδόκην

62 1216 230 1252 ἐκάλουν.
264 1236 307 1241 ·——
342 1215 377 1251 οἱ
411 1214 451 1251 δὲ
484 1215 525 1251 τὰ
562 1214 780 1249 ἀνόπαια
815 1213 874 1248 λε’-

63 1275 192 1322 γουσιν
224 1261 308 1297 ἀντι
340 1263 409 1297 τοῦ
445 1260 628 1315 οῗφανής,
648 1260 778 1316 πόρ’ῥω
810 1260 876 1301 τῆς

65 1308 201 1363 ὄψεως.
227 1309 329 1344 δοκεῖ
351 1307 392 1343 δέ
423 1321 496 1343 τισι
518 1309 581 1343 καὶ
606 1305 801 1349 ἀνωφερὴς
825 1304 876 1340 εἶ-

67 1369 143 1397 ναι,
169 1367 316 1399 ωρμημε
312 1355 399 1394 ’νοις
422 1353 460 1389 ἐκ
484 1356 558 1389 τῶν
577 1351 876 1397 Ἐμπεδοκλέους,

64 1401 236 1458 εἰπόντος
260 1401 319 1436 ἐπὶ
345 1400 465 1444 πυρός
487 1399 530 1435 τὸ
554 1401 877 1443 καρπαλίμως

66 1444 110 1483 6'
142 1446 401 1483 ἀνόπαιον.
436 1448 498 1490 (v.
523 1447 641 1480 Sturz.
667 1444 869 1499 Empedocl,

64 1506 101 1540 Ρ.
124 1494 225 1536 308.)
249 1493 286 1536 ἐξ
311 1507 356 1528 ου
383 1494 519 1548 δῆλον,
552 1488 611 1526 ὅτι
633 1492 696 1526 καὶ
722 1488 870 1525 ου’δετὲ-

61 1553 130 1582 ρου
162 1540 291 1583 γένους
313 1537 387 1574 ἐστὶ
418 1539 460 1573 τὸ
495 1536 690 1573 οἱνόπαιον.
726 1536 784 1571 διὸ
809 1534 873 1571 καὶ

57 1584 290 1629 Ηρωδιανός
313 1585 354 1620 τὸ
380 1583 604 1620 α’νόπαια
632 1584 696 1619 καὶ
726 1581 873 1618 ου’δέτε-

65 1645 133 1688 ρον
157 1631 236 1668 οἶδε
259 1628 531 1688 πληθυντικὸν,
559 1631 621 1665 καὶ
643 1629 875 1684 προπερισπᾷ

65 1676 341 1722 (οἷνοπαῖα),
366 1679 427 1713 καὶ
454 1676 504 1717 ὥς
527 1675 711 1722 ε’πιρρημα
735 1674 877 1732 stuppei-

64 1739 142 1768 νει,
176 1723 257 1761 ἀντὶ
299 1727 368 1760 τοῦ
401 1724 592 1769 ἀοράτως,
625 1722 797 1766 καθάπερ
830 1720 872 1758 τὸ

64 1771 226 1808 πυκνοὶ
260 1768 344 1806 ἀντὶ
377 1773 446 1807 τοῦ
478 1772 653 1813 πυκιῶς,
688 1783 721 1805 κ.
753 1769 872 1804 καλοὶ

68 1817 152 1855 ἀντὶ
175 1817 245 1852 τοῦ
267 1819 397 1857 καλως.
431 1822 621 1874 praetcrea
635 1828 874 1851 commemora-

65 1865 142 1908 vit,
176 1863 269 1922 ὄρος
296 1863 489 1922 ρνόπαιαν
528 1877 623 1898 κατα
654 1860 872 1906 Ηρόδοτον,

66 1911 130 1947 καὶ
164 1909 332 1954 ἀτραπὸν
365 1909 552 1947 οἷνόπαιαν
584 1910 667 1953 περὶ
697 1908 767 1954 τήν
799 1913 873 1944 Λο-

46 1958 176 2002 «κρίδα
215 1957 282 2003 γῆν
324 1972 356 1993 κ.
399 1957 468 2001 τήν
501 1969 576 1991 των
611 1957 800 2001 Μηλιέων.
827 1973 873 1981 -

65 2003 328 2063 θάμβησεν.
354 2001 398 2050 β’,
424 1970 872 2058 155,11.a'‚⁷¹199etc.—

67 2049 259 2093 ὀΐσατο,
293 2056 490 2096 auguratus
525 2055 587 2084 est.
614 2051 692 2091 173,
726 2045 769 2090 τ’,
792 2048 872 2083 390.

66 2097 108 2134 11.
133 2095 181 2140 α’,
204 2098 250 2132 78
268 2103 335 2132 etc.
370 2117 416 2122 —
440 2097 722 2149 μνηστῆρας
753 2092 874 2139 ἐπῳ-

65 2156 194 2199 χετο,
221 2155 342 2198 procos
372 2144 464 2178 adiit
486 2154 546 2176 seu
578 2141 751 2177 convenit.
777 2141 874 2176 143.=

67 2189 236 2226 αὐτοῖσιν
274 2187 376 2234 θάμ’
425 2189 583 2237 επῴχετο
629 2186 874 2232 οἰνοχοεύων,

67 2233 441 2280 1ι.ε-αὖτ.οἰνοχ.,
465 2247 532 2270 non
565 2233 647 2270 αὐτ.
673 2234 743 2276 gn„
767 2234 876 2279 siqui-

70 2282 145 2318 dem
167 2283 224 2317 vel
247 2294 311 2328 per
334 2294 372 2316 se
396 2282 523 2316 dicitur
545 2280 785 2326 ἐποίχεσθαι,
819 2279 874 2313 vel

70 2326 174 2373 ἐποίχ
177 2330 286 2364 saeui
302 2341 349 2363 τι.
373 2347 420 2353 ——
444 2330 600 2371 εἴατο,
624 2328 801 2363 sedebant.
827 2323 875 2372 β’,

71 2375 153 2417 398,
154 2341 214 2409 χΙΙ.
238 2389 286 2421 η,
309 2375 354 2411 65
374 2379 442 2409 etc.

116 2399 204 2462 3¹26,
228 2422 262 2455 7.
317 2417 338 2457 ὁ
373 2418 411 2456 δ’
449 2419 649 2467 Ἀχαιῶν
688 2417 875 2455 νόστον

72 2463 98 2501 ἅ
112 2464 210 2501 ειδε
233 2469 344 2511 λυγρ
357 2466 410 2502 ὃν
427 2475 494 2501 etc.
518 2468 753 2520 praebuerunt
776 2465 873 2506 haec,

73 2512 109 2546 ni
135 2512 258 2553 fastor,
290 2513 539 2558 posterioribus
566 2513 700 2559 poetis,
734 2512 768 2544 in
795 2509 875 2564 qui-

72 2558 138 2592 bus
161 2558 299 2602 Hagiae
325 2558 539 2600 Troezenio‚
564 2570 679 2593 ansam
703 2555 877 2591 scribendi

0 2612 7 2626 '
71 2601 245 2644 Νόστους
267 2614 329 2637 seu
355 2604 498 2639 Reditus
521 2606 645 2639 ducum
676 2614 877 2648 graecorum

73 2661 115 2685 ex
148 2650 238 2684 bello
274 2649 451 2694 Trojano;
483 2663 624 2696 quorum
650 2650 832 2684 carminum
858 2660 878 2682 e

71 2707 210 2731 numero
251 2696 430 2729 eximenda
467 2702 521 2731 est
559 2697 744 2741 Odyssea,
779 2696 878 2737 cujus

71 2749 172 2788 parte
195 2742 322 2786 majore
341 2741 477 2785 Ulyssis
500 2743 645 2777 reditum
664 2741 791 2777 cecinit
803 2742 878 2775 Ho-

71 2799 196 2823 merus.
241 2799 276 2822 v.
313 2788 459 2822 Proclus
500 2787 777 2823 Chrestomathia
817 2799 874 2832 ap.

73 2833 252 2868 Gaissord.
277 2835 332 2868 ed.
357 2834 647 2879 Hephaestionis,
673 2834 708 2868 N
736 2835 876 2867 Erkliir.

72 2882 174 2917 Anm.
205 2892 269 2914 zur
302 2879 881 2923 0dyssce‚2.T11.,S.Xx111.,

75 2930 141 2961 etc.
167 2946 211 2953 —
234 2925 537 2968 ἐπετείλατο,
561 2925 774 2967 ἐνετείλατο,
797 2924 880 2961 ἐπέ-

74 2977 298 3065 ἒῗὲξζὰιῖῗ
313 2973 363 3055 ἒ]
373 2973 552 3057 εῖῖἱῗ“ἐῗ’
562 2972 880 3056 ιὲὶτᾶὶξῗ”ὅῗὲ’

916 887 1072 923 sandram
1090 912 1101 928 ,
1147 885 1362 920 sacerdotem
1404 894 1522 924 suam,
1564 882 1600 916 in
1648 882 1725 927 ipso

916 933 1040 978 templo
1066 932 1222 966 vitiatam
1247 933 1290 966 ab
1315 932 1422 975 Ajace
1446 930 1557 963 Locro
1580 928 1632 963 sic
1654 930 1727 963 ulta

917 987 973 1014 est
996 980 1073 1013 dea.
1097 990 1130 1014 V.
1157 978 1288 1023 Hygin.
1311 978 1400 1012 Fab.
1428 978 1507 1012 116.

965 1049 1179 1084 328-331.
1234 1041 1577 1089 τῗπερωϊὸθεν,
1621 1040 1659 1085 ἐξ
1683 1038 1726 1078 ὑ-

918 1095 1104 1138 περωῖου,
1145 1105 1186 1126 ex
1225 1097 1328 1136 parte
1371 1092 1546 1135 superiore
1586 1089 1727 1130 domus,

921 1153 1020 1197 quarn
1064 1149 1201 1192 partem
1242 1137 1447 1171 habitabant
1487 1136 1656 1171 mulieres.
1694 1147 1728 1169 v·

919 1186 970 1229 π’,
995 1186 1076 1229 449,
1102 1186 1142 1219 ll.
1168 1183 1214 1241 β,
1238 1184 1319 1225 514,
1345 1195 1423 1217 ann.
1448 1183 1491 1217 ad
1516 1183 1556 1217 11.
1581 1181 1625 1226 γ’,
1651 1182 1728 1216 125.

921 1240 986 1268 etc.
1010 1253 1055 1258 —
1082 1233 1131 1266 E:
1168 1229 1210 1265 τὸ
1238 1228 1278 1264 δε
1307 1228 1518 1265 σύνθετο
1554 1228 1729 1284 φρεσὶν

922 1280 1005 1315 ἀντὶ
1029 1279 1096 1314 τοῦ
1134 1275 1312 1333 ἐπιμελως
1336 1275 1488 1331 ήκουσε·
1527 1276 1637 1315 νοῦς
1660 1274 1729 1318 γὰρ

922 1324 1042 1368 ω’σπερ
1076 1322 1180 1369 ὁρᾷ,
1218 1321 1318 1357 οὕτω
1352 1322 1415 1357 καὶ
1440 1319 1631 1357 οἷκούει.
1655 1321 1730 1364 (di-

923 1380 1011 1406 ctum
1038 1359 1246 1416 Epicharmi.
1279 1381 1313 1401 v.
1341 1368 1470 1402 Moseri
1493 1368 1609 1401 Lectt.
1635 1367 1730 1401 Plut.

923 1430 980 1462 ap.
1012 1419 1221 1451 Creuzerum
1254 1414 1373 1450 Melet.
1398 1417 1431 1449 2.
1444 1439 1454 1456 ,
1482 1412 1523 1459 Ρ.
1558 1413 1637 1456 54.)
1670 1410 1729 1449 ὅτι

917 1465 1080 1507 σύνηθες
1109 1458 1155 1507 ἦν
1191 1461 1232 1495 τὸ
1269 1458 1448 1501 παλαιόν,
1493 1460 1652 1515 φοιτςῖν
1662 1472 1730 1501 τας

916 1513 1095 1567 γυναῖκας
1114 1509 1163 1548 εἰς
1187 1506 1234 1542 τὰ
1258 1520 1333 1541 των
1358 1506 1506 1548 ανδρῶν
1531 1503 1729 1549 συμπόσια,

920 1555 970 1597 ὠς
992 1556 1053 1590 καὶ
1079 1555 1116 1590 ἐν
1140 1558 1218 1593 τοῖς
1230 1552 1325 1609 ἑξῆς
1348 1551 1532 1608 (63121.)
1558 1550 1579 1596 ἡ
1602 1550 1729 1610 Ἑλένη

918 1602 1091 1648 ἐπιδημεῖ
1120 1601 1164 1646 τῇ
1199 1597 1336 1647 εὐωχίᾳ
1361 1599 1432 1634 τοῦ
1464 1595 1604 1642 ἀνδρὸς
1636 1611 1731 1642 μετα

920 1650 995 1684 τῶν
1019 1637 1325 1690 ἐπιξενωθέντων
1343 1646 1542 1691 βασιλικῶν
1569 1647 1730 1688 παίδων,

922 1696 982 1731 καὶ
1017 1692 1040 1740 ἡ
1082 1693 1205 1738 Ἀρήτη
1248 1691 1289 1728 δὲ
1330 1693 1383 1739 τῷ
1422 1693 1614 1748 συμποσίω
1655 1693 1730 1726 τῶν

923 1741 1097 1778 Φαιάκων
1121 1740 1296 1783 πάρεστι,
1321 1740 1384 1774 καὶ
1411 1735 1434 1783 ἡ
1461 1736 1681 1780 Ναυσικάα,
1704 1737 1729 1783 ἡ

918 1788 1092 1835 θυγάτηρ
1119 1787 1246 1830 αὐτῆς.
1271 1783 1336 1841 (η’,
1363 1786 1441 1827 141,
1466 1786 1547 1827 231,
1572 1783 1624 1826 θ,
1647 1787 1729 1821 457.

920 1838 964 1870 cf.
998 1847 1075 1868 ann.
1110 1834 1154 1868 ad
1185 1830 1318 1874 11.α’,
1349 1834 1415 1868 601
1448 1831 1484 1864 in
1518 1831 1729 1889 Addendis.)

919 1883 982 1918 καὶ
1007 1879 1030 1926 ἡ
1056 1878 1253 1940 Πηνελόπη
1280 1891 1349 1913 ουν
1374 1875 1577 1920 σωφρόνως
1599 1875 1732 1913 ἐνταῦ-

919 1932 975 1965 θα
1008 1928 1071 1963 καὶ
1105 1925 1321 1971 αἰδημόνως
1354 1923 1551 1970 ἐφίσταται
1579 1925 1631 1971 τῷ
1655 1925 1731 1958 τῶν

919 1973 1137 2021 μνηστήρων
1176 1973 1366 2015 συμποσίῳ
1407 1977 1473 2005 etc.
1506 1990 1552 1996 —
1597 1960 1732 2005 Ῐοανὶιιε

919 2024 994 2057 sive
1021 2022 1179 2061 Icarion,
1205 2019 1351 2059 Oebali,
1377 2017 1470 2062 regis
1494 2017 1729 2051 Lacedaemo-

919 2069 1062 2111 niorum,
1085 2066 1178 2101 filius
1202 2065 1281 2106 fuit,
1306 2063 1466 2109 Tyndari
1487 2064 1608 2098 frater.
1626 2062 1732 2108 Apol-

919 2115 987 2149 lod.
1013 2115 1048 2156 3,
1074 2117 1108 2156 9,
1132 2116 1206 2147 4—
1220 2114 1253 2150 6,
1270 2112 1372 2145 Paus.
1387 2110 1513 2144 Lacon.
1542 2111 1596 2144 12.
1619 2116 1654 2144 et
1672 2110 1730 2144 20.

922 2161 1007 2195 alius
1041 2165 1094 2194 est
1123 2158 1274 2198 Icarius,
1306 2156 1480 2200 Erigonae
1505 2162 1625 2200 pater,
1652 2158 1731 2200 post

921 2208 1052 2242 Bootes
1076 2206 1198 2243 dictus,
1225 2204 1268 2237 de
1292 2215 1359 2248 quo
1386 2201 1513 2246 Hygin.
1538 2202 1625 2236 Fab.
1651 2202 1730 2236 130.

922 2272 967 2278 -
987 2259 1005 2278 *
1027 2261 1043 2278 *
1070 2257 1147 2298 post
1171 2252 1260 2284 hunc
1291 2260 1427 2283 versum
1452 2250 1537 2281 haec
1561 2248 1667 2281 habet
1691 2248 1731 2283 Α.

920 2301 954 2335 5.
980 2297 1018 2342 ἒξ
1042 2299 1154 2334 ποσὶν
1178 2296 1375 2343 ἐκβεβαυῖα
1397 2293 1638 2349 τριδάκτυλος
1656 2292 1731 2336 ἐξε-

921 2344 1098 2392 φαάνθη,
1119 2356 1220 2399 *quae
1254 2343 1383 2379 insflsa
1406 2342 1478 2383 sic,
1512 2340 1657 2386 opinor,
1681 2340 1731 2373 le-

920 2394 1091 2439 gebantur
1118 2391 1153 2425 in
1178 2389 1415 2434 autographo.

1034 2447 1075 2485 ἐν
1117 2447 1227 2484 ποσὶν
1267 2441 1461 2500 ἐμβεβαυῖ’
1502 2442 1732 2490 ἀριδείκετος

1266 2491 1498 2537 ἐξεφαάνθη,

1038 2553 1199 2596 κλίμακα
1222 2547 1265 2586 δ’
1291 2556 1358 2584 etc.

923 2598 1101 2645 magnifice
1125 2598 1177 2632 his
1200 2597 1314 2631 verbis
1338 2594 1523 2639 descripsit
1547 2593 1730 2628 adventum

924 2646 1065 2692 primum
1090 2644 1305 2689 Penelopae,
1339 2642 1497 2685 reginae,
1528 2652 1548 2673 a
1571 2644 1625 2674 tot
1648 2650 1730 2685 pro-

924 2693 972 2727 cis
991 2692 1186 2736 expetitae,
1211 2701 1311 2734 quam
1334 2689 1482 2733 quisque
1501 2686 1611 2731 digito
1637 2696 1732 2720 ιιιοιι-

923 2743 1071 2779 strata,
1099 2737 1262 2781 cujusque
1287 2740 1322 2769 et
1346 2733 1538 2779 pulcritudo
1563 2733 1670 2776 (366,
1688 2728 1732 2773 6¹,

922 2786 1004 2824 212,
1036 2784 1158 2827 213.,)
1199 2788 1234 2815 et
1279 2782 1366 2814 fides
1399 2784 1466 2813 tam
1499 2779 1557 2812 diu
1590 2782 1731 2812 servata

923 2829 1075 2885 conjugi,
1098 2840 1253 2863 sermone
1279 2825 1374 2871 vulgi
1399 2825 1644 2860 celebraretur.
1669 2835 1732 2868 ge-

924 2877 1026 2912 nuina
1058 2876 1146 2910 enim
1178 2875 1263 2908 haec
1292 2873 1463 2914 arbitror,
1501 2883 1564 2905 nec
1579 2869 1730 2904 insimu-

924 2923 1028 2957 landa
1059 2927 1265 2967 propterea,
1311 2918 1403 2963 quod
1434 2918 1469 2952 in
1498 2929 1564 2951 uuo
1598 2921 1731 2950 tantum

926 2967 1067 3009 codice,
1099 2968 1285 3021 eodemque
1316 2971 1352 2998 et
1382 2964 1576 2999 recentiore
1611 2967 1646 2996 et
1678 2961 1731 2994 wi-

926 3016 1017 3051 tiose
1048 3014 1205 3059 scripto,
1239 3014 1508 3102 ¹⁰9e¹t²²3⁸¹ss⁰t⁵
1547 3008 1608 3044 sed
1638 3007 1730 3042 forte
