<?xml version="1.0" encoding="UTF-8"?>
<!DOCTYPE html PUBLIC "-//W3C//DTD XHTML 1.0 Transitional//EN"
    "http://www.w3.org/TR/xhtml1/DTD/xhtml1-transitional.dtd">
<html xmlns="http://www.w3.org/1999/xhtml" xml:lang="en" lang="en">
 <head>
  <title>
</title>
<meta http-equiv="Content-Type" content="text/html;charset=utf-8" />
  <meta name='ocr-system' content='tesseract 3.04.00' />
  <meta name='ocr-capabilities' content='ocr_page ocr_carea ocr_par ocr_line ocrx_word'/>
</head>
<body>
  <div class='ocr_page' id='page_1' title='image "./carmina03home/carmina03home_0525.png"; bbox 0 0 1856 3282; ppageno 0'>
   <div class='ocr_carea' id='block_1_1' title="bbox 411 817 1212 875">
    <p class='ocr_par' dir='ltr' id='par_1_1' title="bbox 411 817 1212 875">
     <span class='ocr_line' id='line_1_1' title="bbox 411 817 1212 875; baseline -0.004 0"><span class='ocrx_word' id='word_1_1' title='bbox 411 817 1212 875; x_wconf 80' lang='grc' dir='ltr'><em>ΟΛῩΣΣΕῙΑΣ</em></span> 
     </span>
    </p>
   </div>
   <div class='ocr_carea' id='block_1_2' title="bbox 1292 816 1374 877">
    <p class='ocr_par' dir='ltr' id='par_1_2' title="bbox 1292 816 1374 877">
     <span class='ocr_line' id='line_1_2' title="bbox 1292 816 1374 877; baseline 0.061 -5"><span class='ocrx_word' id='word_1_2' title='bbox 1292 816 1374 877; x_wconf 91' lang='grc' dir='ltr'><strong>Π.</strong></span> 
     </span>
    </p>
   </div>
   <div class='ocr_carea' id='block_1_3' title="bbox 236 1075 1552 1110">
    <p class='ocr_par' dir='ltr' id='par_1_3' title="bbox 236 1075 1552 1110">
     <span class='ocr_line' id='line_1_3' title="bbox 236 1075 1552 1110; baseline 0.001 -2"><span class='ocrx_word' id='word_1_3' title='bbox 236 1075 612 1110; x_wconf 76' lang='lat' dir='ltr'><em>THAEMAXOT</em></span> <span class='ocrx_word' id='word_1_4' title='bbox 654 1075 1155 1110; x_wconf 59' lang='grc' dir='ltr'><em>ΑΝΑΓΝΩΡΙΣῙΨῙΟΣ</em></span> <span class='ocrx_word' id='word_1_5' title='bbox 1203 1075 1552 1110; x_wconf 77' lang='grc' dir='ltr'><strong>ΟΔΤΣΣΕΩΣ.</strong></span> 
     </span>
    </p>
   </div>
   <div class='ocr_carea' id='block_1_4' title="bbox 282 1331 1523 1380">
    <p class='ocr_par' dir='ltr' id='par_1_4' title="bbox 282 1331 1523 1380">
     <span class='ocr_line' id='line_1_4' title="bbox 282 1331 1523 1380; baseline 0.001 -12"><span class='ocrx_word' id='word_1_6' title='bbox 282 1333 480 1368; x_wconf 78' lang='lat' dir='ltr'><strong>Telemachi</strong></span> <span class='ocrx_word' id='word_1_7' title='bbox 505 1333 671 1368; x_wconf 82' lang='lat' dir='ltr'><strong>adventus</strong></span> <span class='ocrx_word' id='word_1_8' title='bbox 698 1331 741 1368; x_wconf 84' lang='lat' dir='ltr'><strong>ad</strong></span> <span class='ocrx_word' id='word_1_9' title='bbox 766 1333 972 1376; x_wconf 84' lang='lat' dir='ltr'>Eumaeum,</span> <span class='ocrx_word' id='word_1_10' title='bbox 996 1344 1017 1368; x_wconf 80' lang='lat' dir='ltr'><strong>a</strong></span> <span class='ocrx_word' id='word_1_11' title='bbox 1041 1344 1108 1379; x_wconf 89' lang='lat' dir='ltr'><strong>quo</strong></span> <span class='ocrx_word' id='word_1_12' title='bbox 1133 1332 1319 1369; x_wconf 70' lang='lat' dir='ltr'><strong>laetissime</strong></span> <span class='ocrx_word' id='word_1_13' title='bbox 1343 1333 1523 1380; x_wconf 72' lang='lat' dir='ltr'><strong>excipitur.</strong></span> 
     </span>
    </p>
   </div>
   <div class='ocr_carea' id='block_1_5' title="bbox 231 1414 1505 1675">
    <p class='ocr_par' dir='ltr' id='par_1_5' title="bbox 231 1414 1505 1659">
     <span class='ocr_line' id='line_1_5' title="bbox 234 1414 1505 1492; baseline 0.002 -15"><span class='ocrx_word' id='word_1_14' title='bbox 234 1414 322 1477; x_wconf 67' lang='lat' dir='ltr'><strong>Tui</strong></span> <span class='ocrx_word' id='word_1_15' title='bbox 353 1433 397 1478; x_wconf 94' lang='lat'><strong>6’</strong></span> <span class='ocrx_word' id='word_1_16' title='bbox 431 1430 530 1478; x_wconf 90' lang='grc' dir='ltr'><strong>αυτ’</strong></span> <span class='ocrx_word' id='word_1_17' title='bbox 559 1434 607 1479; x_wconf 82' lang='grc' dir='ltr'><strong>ἐν</strong></span> <span class='ocrx_word' id='word_1_18' title='bbox 633 1435 801 1490; x_wconf 79' lang='grc' dir='ltr'><em>κλισίῃ,</em></span> <span class='ocrx_word' id='word_1_19' title='bbox 829 1432 1037 1485; x_wconf 84' lang='grc' dir='ltr'><strong>Οδυσευς</strong></span> <span class='ocrx_word' id='word_1_20' title='bbox 1064 1433 1136 1477; x_wconf 84' lang='grc' dir='ltr'><strong>καὶ</strong></span> <span class='ocrx_word' id='word_1_21' title='bbox 1167 1436 1262 1486; x_wconf 84' lang='grc' dir='ltr'><strong>δῖος</strong></span> <span class='ocrx_word' id='word_1_22' title='bbox 1289 1434 1505 1492; x_wconf 78' lang='grc' dir='ltr'><strong>ὑφορβὸς,</strong></span> 
     </span>
     <span class='ocr_line' id='line_1_6' title="bbox 231 1489 1280 1560; baseline 0 -26"><span class='ocrx_word' id='word_1_23' title='bbox 231 1489 463 1535; x_wconf 77' lang='grc' dir='ltr'><strong>ἐντύνοντ’</strong></span> <span class='ocrx_word' id='word_1_24' title='bbox 492 1490 672 1546; x_wconf 80' lang='grc' dir='ltr'><strong>ἄριστον</strong></span> <span class='ocrx_word' id='word_1_25' title='bbox 701 1491 782 1560; x_wconf 84' lang='grc' dir='ltr'><strong>ἅμ</strong></span> <span class='ocrx_word' id='word_1_26' title='bbox 809 1489 903 1545; x_wconf 85' lang='grc' dir='ltr'><strong>ηὀῖ,</strong></span> <span class='ocrx_word' id='word_1_27' title='bbox 934 1491 1148 1546; x_wconf 83' lang='grc' dir='ltr'><strong>κειαμένω</strong></span> <span class='ocrx_word' id='word_1_28' title='bbox 1177 1495 1280 1545; x_wconf 85' lang='grc' dir='ltr'><strong>πῦρ,</strong></span> 
     </span>
     <span class='ocr_line' id='line_1_7' title="bbox 237 1546 1348 1618; baseline 0.001 -28"><span class='ocrx_word' id='word_1_29' title='bbox 237 1547 462 1602; x_wconf 72' lang='grc' dir='ltr'><strong>ἔκπεμψάν</strong></span> <span class='ocrx_word' id='word_1_30' title='bbox 489 1565 534 1591; x_wconf 88' lang='grc' dir='ltr'><strong>τε</strong></span> <span class='ocrx_word' id='word_1_31' title='bbox 562 1551 724 1603; x_wconf 85' lang='grc' dir='ltr'><strong>νομῆας</strong></span> <span class='ocrx_word' id='word_1_32' title='bbox 754 1546 832 1602; x_wconf 80' lang='grc' dir='ltr'><strong>ἅμ’</strong></span> <span class='ocrx_word' id='word_1_33' title='bbox 864 1546 1142 1618; x_wconf 77' lang='grc' dir='ltr'><strong>ἀγρομένοισι</strong></span> <span class='ocrx_word' id='word_1_34' title='bbox 1174 1547 1348 1591; x_wconf 83' lang='grc' dir='ltr'><em>σύεσσι·</em></span> 
     </span>
     <span class='ocr_line' id='line_1_8' title="bbox 235 1603 1355 1675; baseline 0.001 -29"><span class='ocrx_word' id='word_1_35' title='bbox 235 1605 484 1675; x_wconf 87' lang='grc' dir='ltr'><strong>Τηλέμαχον</strong></span> <span class='ocrx_word' id='word_1_36' title='bbox 514 1605 560 1648; x_wconf 82' lang='grc' dir='ltr'><strong>δὲ</strong></span> <span class='ocrx_word' id='word_1_37' title='bbox 589 1606 872 1658; x_wconf 83' lang='grc' dir='ltr'><strong>περίσσαινον</strong></span> <span class='ocrx_word' id='word_1_38' title='bbox 900 1606 1028 1655; x_wconf 83' lang='grc' dir='ltr'><strong>κύνες</strong></span> <span class='ocrx_word' id='word_1_39' title='bbox 1057 1603 1355 1658; x_wconf 82' lang='grc' dir='ltr'><strong>ὑλακόμωροι,</strong></span> 
     </span>
    </p>
   </div>
   <div class='ocr_carea' id='block_1_6' title="bbox 172 1659 783 1714">
    <p class='ocr_par' dir='ltr' id='par_1_6' title="bbox 172 1659 783 1714">
     <span class='ocr_line' id='line_1_9' title="bbox 172 1659 783 1714; baseline -0.007 -7"><span class='ocrx_word' id='word_1_40' title='bbox 172 1663 200 1707; x_wconf 84' lang='lat'>5</span> <span class='ocrx_word' id='word_1_41' title='bbox 230 1659 329 1704; x_wconf 82' lang='grc' dir='ltr'><strong>οὐδ’</strong></span> <span class='ocrx_word' id='word_1_42' title='bbox 359 1660 499 1703; x_wconf 82' lang='grc' dir='ltr'><strong>ῧλαον</strong></span> <span class='ocrx_word' id='word_1_43' title='bbox 527 1661 783 1714; x_wconf 82' lang='grc' dir='ltr'><strong>προσιόντα.</strong></span> 
     </span>
    </p>
   </div>
   <div class='ocr_carea' id='block_1_7' title="bbox 843 1659 1447 1716">
    <p class='ocr_par' dir='ltr' id='par_1_7' title="bbox 843 1659 1447 1716">
     <span class='ocr_line' id='line_1_10' title="bbox 843 1659 1447 1716; baseline 0.002 -13"><span class='ocrx_word' id='word_1_44' title='bbox 843 1660 976 1716; x_wconf 84' lang='grc' dir='ltr'><strong>νόησε</strong></span> <span class='ocrx_word' id='word_1_45' title='bbox 1007 1660 1053 1704; x_wconf 81' lang='grc' dir='ltr'><strong>δὲ</strong></span> <span class='ocrx_word' id='word_1_46' title='bbox 1090 1663 1184 1710; x_wconf 84' lang='grc' dir='ltr'><strong>δῖος</strong></span> <span class='ocrx_word' id='word_1_47' title='bbox 1211 1659 1447 1711; x_wconf 74' lang='grc' dir='ltr'><strong>Ὀδυσσεύς</strong></span> 
     </span>
    </p>
   </div>
   <div class='ocr_carea' id='block_1_8' title="bbox 145 1713 1569 1999">
    <p class='ocr_par' dir='ltr' id='par_1_8' title="bbox 145 1713 1569 1999">
     <span class='ocr_line' id='line_1_11' title="bbox 229 1713 1466 1772; baseline -0.001 -13"><span class='ocrx_word' id='word_1_48' title='bbox 229 1717 461 1767; x_wconf 83' lang='grc' dir='ltr'><strong>σαίνοντάς</strong></span> <span class='ocrx_word' id='word_1_49' title='bbox 489 1733 534 1760; x_wconf 89' lang='grc' dir='ltr'><strong>τε</strong></span> <span class='ocrx_word' id='word_1_50' title='bbox 562 1716 720 1768; x_wconf 84' lang='grc' dir='ltr'><strong>κύνας,</strong></span> <span class='ocrx_word' id='word_1_51' title='bbox 747 1719 846 1770; x_wconf 88' lang='grc' dir='ltr'><strong>περί</strong></span> <span class='ocrx_word' id='word_1_52' title='bbox 874 1734 918 1761; x_wconf 91' lang='grc' dir='ltr'><strong>τε</strong></span> <span class='ocrx_word' id='word_1_53' title='bbox 947 1717 1112 1768; x_wconf 83' lang='grc' dir='ltr'><strong>κτύπος</strong></span> <span class='ocrx_word' id='word_1_54' title='bbox 1142 1713 1249 1772; x_wconf 78' lang='grc' dir='ltr'><strong>ἦλθε</strong></span> <span class='ocrx_word' id='word_1_55' title='bbox 1278 1720 1466 1768; x_wconf 36' lang='grc' dir='ltr'><strong>ποδοῖὶῃν</strong></span> 
     </span>
     <span class='ocr_line' id='line_1_12' title="bbox 229 1771 1438 1844; baseline 0.001 -28"><span class='ocrx_word' id='word_1_56' title='bbox 229 1771 339 1826; x_wconf 84' lang='grc' dir='ltr'><strong>αἶψα</strong></span> <span class='ocrx_word' id='word_1_57' title='bbox 369 1771 415 1816; x_wconf 86' lang='grc' dir='ltr'><strong>δ’</strong></span> <span class='ocrx_word' id='word_1_58' title='bbox 446 1771 520 1842; x_wconf 76' lang='grc' dir='ltr'><strong>ἄρ’</strong></span> <span class='ocrx_word' id='word_1_59' title='bbox 552 1773 760 1844; x_wconf 90' lang='grc' dir='ltr'><strong>Ευμαιον</strong></span> <span class='ocrx_word' id='word_1_60' title='bbox 790 1775 890 1817; x_wconf 78' lang='grc' dir='ltr'><strong>ἔπεα</strong></span> <span class='ocrx_word' id='word_1_61' title='bbox 920 1773 1154 1841; x_wconf 81' lang='grc' dir='ltr'><strong>πτερόεντα</strong></span> <span class='ocrx_word' id='word_1_62' title='bbox 1183 1774 1438 1844; x_wconf 82' lang='grc' dir='ltr'><strong>προσηύδα·</strong></span> 
     </span>
     <span class='ocr_line' id='line_1_13' title="bbox 306 1826 1569 1899; baseline 0.001 -27"><span class='ocrx_word' id='word_1_63' title='bbox 306 1827 512 1884; x_wconf 88' lang='grc' dir='ltr'><strong>,,Ευμαι’</strong></span> <span class='ocrx_word' id='word_1_64' title='bbox 523 1864 534 1883; x_wconf 95' lang='grc'><strong>,</strong></span> <span class='ocrx_word' id='word_1_65' title='bbox 564 1826 593 1886; x_wconf 86' lang='grc' dir='ltr'><strong><em>ἦ</em></strong></span> <span class='ocrx_word' id='word_1_66' title='bbox 619 1830 736 1899; x_wconf 84' lang='grc' dir='ltr'><strong>μα’λα</strong></span> <span class='ocrx_word' id='word_1_67' title='bbox 767 1832 830 1880; x_wconf 90' lang='grc' dir='ltr'><strong>τίς</strong></span> <span class='ocrx_word' id='word_1_68' title='bbox 858 1847 926 1873; x_wconf 91' lang='grc' dir='ltr'><strong>τοι</strong></span> <span class='ocrx_word' id='word_1_69' title='bbox 956 1828 1172 1874; x_wconf 81' lang='grc' dir='ltr'><strong>ἐλεύσεται</strong></span> <span class='ocrx_word' id='word_1_70' title='bbox 1201 1829 1354 1873; x_wconf 74' lang='grc' dir='ltr'><strong>ἔνθαδ’</strong></span> <span class='ocrx_word' id='word_1_71' title='bbox 1387 1829 1569 1884; x_wconf 79' lang='grc' dir='ltr'><strong>ἑταῖρος,</strong></span> 
     </span>
     <span class='ocr_line' id='line_1_14' title="bbox 224 1885 1444 1957; baseline -0.002 -27"><span class='ocrx_word' id='word_1_72' title='bbox 224 1886 256 1957; x_wconf 85' lang='grc' dir='ltr'><strong><em>ἢ</em></strong></span> <span class='ocrx_word' id='word_1_73' title='bbox 282 1887 356 1930; x_wconf 81' lang='grc' dir='ltr'><strong>καὶ</strong></span> <span class='ocrx_word' id='word_1_74' title='bbox 384 1886 603 1942; x_wconf 78' lang='grc' dir='ltr'><strong>γνώριμος</strong></span> <span class='ocrx_word' id='word_1_75' title='bbox 637 1885 796 1938; x_wconf 86' lang='grc' dir='ltr'><strong>α’λλος,</strong></span> <span class='ocrx_word' id='word_1_76' title='bbox 828 1887 917 1930; x_wconf 81' lang='grc' dir='ltr'><strong>ἐπεὶ</strong></span> <span class='ocrx_word' id='word_1_77' title='bbox 946 1888 1076 1937; x_wconf 83' lang='grc' dir='ltr'><strong>κύνες</strong></span> <span class='ocrx_word' id='word_1_78' title='bbox 1107 1886 1187 1941; x_wconf 82' lang='grc' dir='ltr'><strong>οὐχ</strong></span> <span class='ocrx_word' id='word_1_79' title='bbox 1216 1885 1444 1937; x_wconf 81' lang='grc' dir='ltr'><strong>ὑλάουσιν,</strong></span> 
     </span>
     <span class='ocr_line' id='line_1_15' title="bbox 145 1941 1511 1999; baseline -0.001 -11"><span class='ocrx_word' id='word_1_80' title='bbox 145 1949 199 1989; x_wconf 90' lang='grc'><strong>10</strong></span> <span class='ocrx_word' id='word_1_81' title='bbox 230 1941 339 1987; x_wconf 77' lang='grc' dir='ltr'><strong>ἀλλὰ</strong></span> <span class='ocrx_word' id='word_1_82' title='bbox 365 1944 714 1999; x_wconf 86' lang='grc' dir='ltr'><strong>περισσαίνουσι·</strong></span> <span class='ocrx_word' id='word_1_83' title='bbox 745 1945 893 1987; x_wconf 77' lang='grc' dir='ltr'><strong>ποδῶν</strong></span> <span class='ocrx_word' id='word_1_84' title='bbox 924 1942 968 1987; x_wconf 87' lang='grc' dir='ltr'><strong>δ’</strong></span> <span class='ocrx_word' id='word_1_85' title='bbox 997 1943 1086 1987; x_wconf 78' lang='grc' dir='ltr'><strong>ὑπὸ</strong></span> <span class='ocrx_word' id='word_1_86' title='bbox 1121 1946 1292 1987; x_wconf 85' lang='grc' dir='ltr'><strong>δοῦπον</strong></span> <span class='ocrx_word' id='word_1_87' title='bbox 1322 1943 1511 1987; x_wconf 76' lang='grc' dir='ltr'><strong>α’κούιῦ.ι</strong></span> 
     </span>
    </p>
   </div>
   <div class='ocr_carea' id='block_1_9' title="bbox 55 2079 862 3001">
    <p class='ocr_par' dir='ltr' id='par_1_9' title="bbox 55 2079 862 3001">
     <span class='ocr_line' id='line_1_16' title="bbox 99 2079 858 2117; baseline 0.001 -2"><span class='ocrx_word' id='word_1_88' title='bbox 99 2081 357 2115; x_wconf 76' lang='lat' dir='ltr'><strong>Annotatt&#39;ones.</strong></span> <span class='ocrx_word' id='word_1_89' title='bbox 403 2080 502 2115; x_wconf 86' lang='lat' dir='ltr'><strong>Vers.</strong></span> <span class='ocrx_word' id='word_1_90' title='bbox 540 2082 685 2117; x_wconf 74' lang='lat'><strong>2—10.</strong></span> <span class='ocrx_word' id='word_1_91' title='bbox 730 2079 858 2116; x_wconf 77' lang='grc' dir='ltr'><strong>ἔντυ’-</strong></span> 
     </span>
     <span class='ocr_line' id='line_1_17' title="bbox 55 2124 858 2171; baseline -0.001 -10"><span class='ocrx_word' id='word_1_92' title='bbox 55 2125 182 2162; x_wconf 86' lang='grc' dir='ltr'><strong>νοντ’</strong></span> <span class='ocrx_word' id='word_1_93' title='bbox 209 2124 415 2171; x_wconf 78' lang='grc' dir='ltr'><strong>ἄριστον.</strong></span> <span class='ocrx_word' id='word_1_94' title='bbox 452 2127 502 2161; x_wconf 90' lang='lat' dir='ltr'><strong>sic</strong></span> <span class='ocrx_word' id='word_1_95' title='bbox 527 2127 557 2160; x_wconf 85' lang='grc' dir='ltr'>Ε</span> <span class='ocrx_word' id='word_1_96' title='bbox 582 2133 618 2161; x_wconf 83' lang='lat' dir='ltr'><strong>et</strong></span> <span class='ocrx_word' id='word_1_97' title='bbox 642 2128 796 2168; x_wconf 72' lang='lat' dir='ltr'><strong>Astems,</strong></span> <span class='ocrx_word' id='word_1_98' title='bbox 821 2132 858 2160; x_wconf 85' lang='lat' dir='ltr'><strong>ut</strong></span> 
     </span>
     <span class='ocr_line' id='line_1_18' title="bbox 55 2173 858 2208; baseline -0.001 -1"><span class='ocrx_word' id='word_1_99' title='bbox 55 2173 271 2208; x_wconf 80' lang='lat' dir='ltr'><strong>scribendum</strong></span> <span class='ocrx_word' id='word_1_100' title='bbox 293 2184 370 2206; x_wconf 85' lang='lat' dir='ltr'><strong>esse</strong></span> <span class='ocrx_word' id='word_1_101' title='bbox 393 2173 543 2207; x_wconf 81' lang='lat' dir='ltr'><strong>ostendit</strong></span> <span class='ocrx_word' id='word_1_102' title='bbox 568 2173 620 2207; x_wconf 87' lang='lat' dir='ltr'><strong>Cl.</strong></span> <span class='ocrx_word' id='word_1_103' title='bbox 646 2184 721 2207; x_wconf 88' lang='lat' dir='ltr'>ann.</span> <span class='ocrx_word' id='word_1_104' title='bbox 752 2174 794 2206; x_wconf 88' lang='lat' dir='ltr'><strong>ad</strong></span> <span class='ocrx_word' id='word_1_105' title='bbox 821 2174 858 2208; x_wconf 87' lang='lat' dir='ltr'><strong>ll.</strong></span> 
     </span>
     <span class='ocr_line' id='line_1_19' title="bbox 57 2217 858 2262; baseline 0 -10"><span class='ocrx_word' id='word_1_106' title='bbox 57 2217 117 2260; x_wconf 86' lang='grc' dir='ltr'><strong>ω’,</strong></span> <span class='ocrx_word' id='word_1_107' title='bbox 154 2220 231 2257; x_wconf 77' lang='grc'><strong>124.</strong></span> <span class='ocrx_word' id='word_1_108' title='bbox 287 2219 412 2262; x_wconf 81' lang='lat' dir='ltr'><strong>vulgo:</strong></span> <span class='ocrx_word' id='word_1_109' title='bbox 463 2217 658 2254; x_wconf 75' lang='grc' dir='ltr'><strong>ἐντύνοντο</strong></span> <span class='ocrx_word' id='word_1_110' title='bbox 695 2217 858 2262; x_wconf 77' lang='grc' dir='ltr'><strong>ἄριστον,</strong></span> 
     </span>
     <span class='ocr_line' id='line_1_20' title="bbox 56 2265 857 2308; baseline 0.001 -10"><span class='ocrx_word' id='word_1_111' title='bbox 56 2265 168 2299; x_wconf 84' lang='lat' dir='ltr'><strong>veteri</strong></span> <span class='ocrx_word' id='word_1_112' title='bbox 191 2275 329 2304; x_wconf 81' lang='lat' dir='ltr'><strong>errore,</strong></span> <span class='ocrx_word' id='word_1_113' title='bbox 353 2275 452 2308; x_wconf 87' lang='lat' dir='ltr'><strong>quem</strong></span> <span class='ocrx_word' id='word_1_114' title='bbox 475 2267 659 2300; x_wconf 85' lang='lat' dir='ltr'><strong>recoluisse</strong></span> <span class='ocrx_word' id='word_1_115' title='bbox 678 2266 780 2300; x_wconf 86' lang='lat' dir='ltr'><strong>miror</strong></span> <span class='ocrx_word' id='word_1_116' title='bbox 805 2265 857 2299; x_wconf 89' lang='lat' dir='ltr'><strong>vi-</strong></span> 
     </span>
     <span class='ocr_line' id='line_1_21' title="bbox 57 2310 856 2353; baseline 0.001 -9"><span class='ocrx_word' id='word_1_117' title='bbox 57 2322 112 2345; x_wconf 84' lang='lat' dir='ltr'><strong>ros</strong></span> <span class='ocrx_word' id='word_1_118' title='bbox 143 2310 369 2344; x_wconf 78' lang='lat' dir='ltr'><strong>doctissimos.</strong></span> <span class='ocrx_word' id='word_1_119' title='bbox 399 2329 445 2335; x_wconf 97' lang='lat'><strong>—</strong></span> <span class='ocrx_word' id='word_1_120' title='bbox 489 2315 560 2345; x_wconf 86' lang='grc' dir='ltr'><strong>Αιιι.</strong></span> <span class='ocrx_word' id='word_1_121' title='bbox 590 2313 656 2352; x_wconf 68' lang='lat' dir='ltr'><strong>Q:</strong></span> <span class='ocrx_word' id='word_1_122' title='bbox 694 2311 856 2353; x_wconf 76' lang='grc' dir='ltr'><strong>ἔκπεμ-</strong></span> 
     </span>
     <span class='ocr_line' id='line_1_22' title="bbox 56 2355 857 2410; baseline 0.004 -20"><span class='ocrx_word' id='word_1_123' title='bbox 56 2364 162 2398; x_wconf 80' lang='grc' dir='ltr'><strong>ψαν.</strong></span> <span class='ocrx_word' id='word_1_124' title='bbox 200 2357 466 2410; x_wconf 79' lang='grc' dir='ltr'><strong>σνλληπτικῶς·</strong></span> <span class='ocrx_word' id='word_1_125' title='bbox 498 2355 611 2401; x_wconf 86' lang='grc' dir='ltr'><strong>μόνος</strong></span> <span class='ocrx_word' id='word_1_126' title='bbox 633 2371 701 2401; x_wconf 82' lang='grc' dir='ltr'><strong>γαρ</strong></span> <span class='ocrx_word' id='word_1_127' title='bbox 730 2356 857 2400; x_wconf 78' lang='grc' dir='ltr'><strong>ἐκπέμ-</strong></span> 
     </span>
     <span class='ocr_line' id='line_1_23' title="bbox 56 2399 857 2458; baseline 0 -20"><span class='ocrx_word' id='word_1_128' title='bbox 56 2415 118 2438; x_wconf 85' lang='grc' dir='ltr'><strong>πει</strong></span> <span class='ocrx_word' id='word_1_129' title='bbox 155 2400 334 2445; x_wconf 78' lang='grc' dir='ltr'><strong>Εὗμαιος.</strong></span> <span class='ocrx_word' id='word_1_130' title='bbox 381 2399 457 2445; x_wconf 82' lang='grc' dir='ltr'><strong>ἅμ’</strong></span> <span class='ocrx_word' id='word_1_131' title='bbox 495 2402 655 2458; x_wconf 60' lang='grc' dir='ltr'><strong>οἱγρομ.</strong></span> <span class='ocrx_word' id='word_1_132' title='bbox 691 2403 857 2439; x_wconf 84' lang='grc' dir='ltr'><strong>σύεσσι.</strong></span> 
     </span>
     <span class='ocr_line' id='line_1_24' title="bbox 56 2447 858 2508; baseline 0 -25"><span class='ocrx_word' id='word_1_133' title='bbox 56 2447 99 2492; x_wconf 79' lang='grc' dir='ltr'><strong>ξ’,</strong></span> <span class='ocrx_word' id='word_1_134' title='bbox 116 2450 172 2484; x_wconf 76' lang='lat'><strong>25.</strong></span> <span class='ocrx_word' id='word_1_135' title='bbox 193 2465 238 2474; x_wconf 82' lang='grc'><strong>-·</strong></span> <span class='ocrx_word' id='word_1_136' title='bbox 260 2449 598 2503; x_wconf 81' lang='grc' dir='ltr'><strong>περίσσαινον,</strong></span> <span class='ocrx_word' id='word_1_137' title='bbox 622 2451 745 2483; x_wconf 81' lang='lat' dir='ltr'><strong>circum</strong></span> <span class='ocrx_word' id='word_1_138' title='bbox 770 2451 858 2508; x_wconf 61' lang='lat'><strong>‘&#39;5¹¹“</strong></span> 
     </span>
     <span class='ocr_line' id='line_1_25' title="bbox 58 2493 858 2540; baseline 0.003 -11"><span class='ocrx_word' id='word_1_139' title='bbox 58 2497 231 2529; x_wconf 77' lang='lat' dir='ltr'><strong><em>labantur.</em></strong></span> <span class='ocrx_word' id='word_1_140' title='bbox 267 2496 332 2534; x_wconf 88' lang='lat'><strong>10,</strong></span> <span class='ocrx_word' id='word_1_141' title='bbox 357 2493 401 2535; x_wconf 85' lang='grc' dir='ltr'><strong>κ’,</strong></span> <span class='ocrx_word' id='word_1_142' title='bbox 421 2496 529 2529; x_wconf 77' lang='grc'><strong>215.”</strong></span> <span class='ocrx_word' id='word_1_143' title='bbox 550 2496 601 2529; x_wconf 84' lang='lat' dir='ltr'><strong>E:</strong></span> <span class='ocrx_word' id='word_1_144' title='bbox 626 2510 671 2522; x_wconf 82' lang='lat'><strong>—-·</strong></span> <span class='ocrx_word' id='word_1_145' title='bbox 695 2495 764 2531; x_wconf 82' lang='grc' dir='ltr'><strong>ουίι</strong></span> <span class='ocrx_word' id='word_1_146' title='bbox 788 2496 858 2540; x_wconf 73' lang='grc' dir='ltr'><strong>ἔχει</strong></span> 
     </span>
     <span class='ocr_line' id='line_1_26' title="bbox 56 2538 859 2584; baseline 0.001 -9"><span class='ocrx_word' id='word_1_147' title='bbox 56 2540 298 2583; x_wconf 84' lang='grc' dir='ltr'><strong>καιριωτέραν</strong></span> <span class='ocrx_word' id='word_1_148' title='bbox 317 2538 378 2575; x_wconf 76' lang='grc' dir='ltr'><strong>ἐπὶ</strong></span> <span class='ocrx_word' id='word_1_149' title='bbox 402 2543 524 2576; x_wconf 78' lang='grc' dir='ltr'><strong>κυνῶν</strong></span> <span class='ocrx_word' id='word_1_150' title='bbox 542 2542 636 2584; x_wconf 76' lang='grc' dir='ltr'><strong>λέξιν</strong></span> <span class='ocrx_word' id='word_1_151' title='bbox 661 2543 776 2577; x_wconf 80' lang='grc' dir='ltr'><strong>εἰπεῖν</strong></span> <span class='ocrx_word' id='word_1_152' title='bbox 790 2544 859 2577; x_wconf 83' lang='grc' dir='ltr'><strong>τοῦ</strong></span> 
     </span>
     <span class='ocr_line' id='line_1_27' title="bbox 58 2583 858 2643; baseline 0 -21"><span class='ocrx_word' id='word_1_153' title='bbox 58 2589 197 2623; x_wconf 81' lang='grc' dir='ltr'><strong>σαίνειν</strong></span> <span class='ocrx_word' id='word_1_154' title='bbox 219 2585 282 2621; x_wconf 78' lang='grc' dir='ltr'><strong>καὶ</strong></span> <span class='ocrx_word' id='word_1_155' title='bbox 303 2587 372 2620; x_wconf 79' lang='grc' dir='ltr'><strong>τοῦ</strong></span> <span class='ocrx_word' id='word_1_156' title='bbox 393 2584 532 2628; x_wconf 81' lang='grc' dir='ltr'><strong>ύλάειν,</strong></span> <span class='ocrx_word' id='word_1_157' title='bbox 557 2587 594 2629; x_wconf 78' lang='grc' dir='ltr'><strong>ἐξ</strong></span> <span class='ocrx_word' id='word_1_158' title='bbox 619 2583 662 2623; x_wconf 82' lang='grc' dir='ltr'><strong>οὗ</strong></span> <span class='ocrx_word' id='word_1_159' title='bbox 687 2588 858 2643; x_wconf 74' lang='grc' dir='ltr'><strong>παράγω-</strong></span> 
     </span>
     <span class='ocr_line' id='line_1_28' title="bbox 58 2630 858 2689; baseline 0.001 -22"><span class='ocrx_word' id='word_1_160' title='bbox 58 2646 124 2689; x_wconf 74' lang='grc' dir='ltr'><strong>γον</strong></span> <span class='ocrx_word' id='word_1_161' title='bbox 153 2632 196 2667; x_wconf 85' lang='grc' dir='ltr'>τὸ</span> <span class='ocrx_word' id='word_1_162' title='bbox 232 2631 403 2667; x_wconf 71' lang='grc' dir='ltr'><strong>’ὖλοὶσσειν</strong></span> <span class='ocrx_word' id='word_1_163' title='bbox 440 2633 547 2669; x_wconf 85' lang='grc' dir='ltr'><strong>κ.τό</strong></span> <span class='ocrx_word' id='word_1_164' title='bbox 579 2631 759 2670; x_wconf 74' lang='grc' dir='ltr'><strong>ὑλακτεῖν.</strong></span> <span class='ocrx_word' id='word_1_165' title='bbox 807 2630 858 2669; x_wconf 81' lang='grc' dir='ltr'><strong>ὦν</strong></span> 
     </span>
     <span class='ocr_line' id='line_1_29' title="bbox 59 2677 859 2725; baseline 0.001 -11"><span class='ocrx_word' id='word_1_166' title='bbox 59 2677 286 2724; x_wconf 72' lang='grc' dir='ltr'><strong>ἀγριώτερον</strong></span> <span class='ocrx_word' id='word_1_167' title='bbox 319 2678 516 2723; x_wconf 79' lang='lat' dir='ltr'><strong>(perperam</strong></span> <span class='ocrx_word' id='word_1_168' title='bbox 540 2679 646 2713; x_wconf 84' lang='lat' dir='ltr'><strong>liber·</strong></span> <span class='ocrx_word' id='word_1_169' title='bbox 680 2680 859 2725; x_wconf 79' lang='grc' dir='ltr'><strong>ἀγριώτα-</strong></span> 
     </span>
     <span class='ocr_line' id='line_1_30' title="bbox 58 2725 857 2764; baseline 0.001 -4"><span class='ocrx_word' id='word_1_170' title='bbox 58 2737 146 2764; x_wconf 82' lang='grc' dir='ltr'><strong>τον,</strong></span> <span class='ocrx_word' id='word_1_171' title='bbox 169 2725 270 2759; x_wconf 76' lang='lat' dir='ltr'><strong>solita</strong></span> <span class='ocrx_word' id='word_1_172' title='bbox 295 2725 490 2759; x_wconf 72' lang='lat' dir='ltr'><strong>consu-ione</strong></span> <span class='ocrx_word' id='word_1_173' title='bbox 518 2726 632 2759; x_wconf 81' lang='lat' dir='ltr'><strong>harum</strong></span> <span class='ocrx_word' id='word_1_174' title='bbox 656 2727 857 2761; x_wconf 72' lang='lat' dir='ltr'><strong>formarum:</strong></span> 
     </span>
     <span class='ocr_line' id='line_1_31' title="bbox 59 2768 861 2826; baseline 0.004 -22"><span class='ocrx_word' id='word_1_175' title='bbox 59 2784 94 2805; x_wconf 80' lang='lat' dir='ltr'><strong>v.</strong></span> <span class='ocrx_word' id='word_1_176' title='bbox 114 2769 273 2826; x_wconf 77' lang='grc' dir='ltr'><strong>β’,350.)</strong></span> <span class='ocrx_word' id='word_1_177' title='bbox 295 2768 362 2815; x_wconf 76' lang='grc' dir='ltr'><strong>μὲν</strong></span> <span class='ocrx_word' id='word_1_178' title='bbox 384 2768 407 2815; x_wconf 87' lang='grc' dir='ltr'><em>ἡ</em></span> <span class='ocrx_word' id='word_1_179' title='bbox 434 2769 598 2825; x_wconf 79' lang='grc' dir='ltr'><strong>ὑλακή,</strong></span> <span class='ocrx_word' id='word_1_180' title='bbox 620 2770 656 2814; x_wconf 77' lang='grc' dir='ltr'><strong>ἐξ</strong></span> <span class='ocrx_word' id='word_1_181' title='bbox 682 2770 727 2808; x_wconf 83' lang='grc' dir='ltr'><strong>οὖ</strong></span> <span class='ocrx_word' id='word_1_182' title='bbox 754 2772 861 2811; x_wconf 81' lang='grc' dir='ltr'><strong>κύνες</strong></span> 
     </span>
     <span class='ocr_line' id='line_1_32' title="bbox 59 2815 859 2861; baseline 0 -9"><span class='ocrx_word' id='word_1_183' title='bbox 59 2815 372 2861; x_wconf 74' lang='grc' dir='ltr'><strong>ὑλακόμωροι</strong></span> <span class='ocrx_word' id='word_1_184' title='bbox 401 2815 468 2859; x_wconf 80' lang='grc' dir='ltr'><strong>(ξ’,</strong></span> <span class='ocrx_word' id='word_1_185' title='bbox 491 2819 577 2861; x_wconf 74' lang='grc'><strong>29),</strong></span> <span class='ocrx_word' id='word_1_186' title='bbox 614 2831 712 2861; x_wconf 88' lang='grc' dir='ltr'><strong>πραυ</strong></span> <span class='ocrx_word' id='word_1_187' title='bbox 744 2819 784 2854; x_wconf 88' lang='grc' dir='ltr'><strong>δε</strong></span> <span class='ocrx_word' id='word_1_188' title='bbox 816 2817 859 2852; x_wconf 82' lang='grc' dir='ltr'><strong>τὰ</strong></span> 
     </span>
     <span class='ocr_line' id='line_1_33' title="bbox 60 2862 862 2908; baseline -0.001 -9"><span class='ocrx_word' id='word_1_189' title='bbox 60 2864 258 2904; x_wconf 79' lang='grc' dir='ltr'><strong>σαίνειν,</strong></span> <span class='ocrx_word' id='word_1_190' title='bbox 280 2862 472 2906; x_wconf 76' lang='grc' dir='ltr'><strong>παραχθὲν</strong></span> <span class='ocrx_word' id='word_1_191' title='bbox 495 2862 535 2897; x_wconf 75' lang='grc' dir='ltr'><strong>ἐκ</strong></span> <span class='ocrx_word' id='word_1_192' title='bbox 554 2865 622 2898; x_wconf 82' lang='grc' dir='ltr'><strong>τοῦ</strong></span> <span class='ocrx_word' id='word_1_193' title='bbox 645 2864 688 2901; x_wconf 83' lang='grc' dir='ltr'><strong>τὸ</strong></span> <span class='ocrx_word' id='word_1_194' title='bbox 706 2862 862 2908; x_wconf 75' lang='grc' dir='ltr'><strong>οὐραῖον</strong></span> 
     </span>
     <span class='ocr_line' id='line_1_34' title="bbox 58 2907 861 2965; baseline 0.001 -22"><span class='ocrx_word' id='word_1_195' title='bbox 58 2910 266 2965; x_wconf 80' lang='grc' dir='ltr'><strong>τηνικαῦτα</strong></span> <span class='ocrx_word' id='word_1_196' title='bbox 285 2911 468 2952; x_wconf 77' lang='grc' dir='ltr'><strong>σείεσθαι,</strong></span> <span class='ocrx_word' id='word_1_197' title='bbox 494 2907 570 2944; x_wconf 64' lang='lat' dir='ltr'><strong>nimi</strong></span> <span class='ocrx_word' id='word_1_198' title='bbox 595 2909 665 2953; x_wconf 75' lang='grc' dir='ltr'><strong>γὰρ</strong></span> <span class='ocrx_word' id='word_1_199' title='bbox 687 2913 754 2946; x_wconf 82' lang='grc' dir='ltr'><strong>τοῦ</strong></span> <span class='ocrx_word' id='word_1_200' title='bbox 779 2910 861 2951; x_wconf 79' lang='grc' dir='ltr'><strong>σε’ω,</strong></span> 
     </span>
     <span class='ocr_line' id='line_1_35' title="bbox 61 2949 861 3001; baseline 0.001 -11"><span class='ocrx_word' id='word_1_201' title='bbox 61 2956 134 2997; x_wconf 77' lang='grc' dir='ltr'><strong>σῶ,</strong></span> <span class='ocrx_word' id='word_1_202' title='bbox 158 2953 196 2998; x_wconf 72' lang='grc' dir='ltr'><strong>ἐξ</strong></span> <span class='ocrx_word' id='word_1_203' title='bbox 220 2949 266 2991; x_wconf 82' lang='grc' dir='ltr'><strong>οὗ</strong></span> <span class='ocrx_word' id='word_1_204' title='bbox 289 2954 332 2990; x_wconf 77' lang='grc' dir='ltr'><strong>τὸ</strong></span> <span class='ocrx_word' id='word_1_205' title='bbox 359 2956 458 2992; x_wconf 86' lang='grc' dir='ltr'><strong>σείω.</strong></span> <span class='ocrx_word' id='word_1_206' title='bbox 494 2954 532 2999; x_wconf 74' lang='grc' dir='ltr'><strong>ἐξ</strong></span> <span class='ocrx_word' id='word_1_207' title='bbox 556 2956 673 2994; x_wconf 76' lang='grc' dir='ltr'><strong>αὐτοῦ</strong></span> <span class='ocrx_word' id='word_1_208' title='bbox 696 2957 758 2993; x_wconf 79' lang='grc' dir='ltr'><strong>καὶ</strong></span> <span class='ocrx_word' id='word_1_209' title='bbox 775 2957 861 3001; x_wconf 89' lang='grc' dir='ltr'><strong>(ἱιιιο</strong></span> 
     </span>
    </p>
   </div>
   <div class='ocr_carea' id='block_1_10' title="bbox 902 2076 1709 2992">
    <p class='ocr_par' dir='ltr' id='par_1_10' title="bbox 902 2076 1709 2535">
     <span class='ocr_line' id='line_1_36' title="bbox 904 2076 1707 2134; baseline -0.009 -18"><span class='ocrx_word' id='word_1_210' title='bbox 904 2077 964 2121; x_wconf 85' lang='grc' dir='ltr'><strong>δε,</strong></span> <span class='ocrx_word' id='word_1_211' title='bbox 1001 2091 1090 2124; x_wconf 80' lang='lat' dir='ltr'><strong>quae</strong></span> <span class='ocrx_word' id='word_1_212' title='bbox 1123 2079 1314 2125; x_wconf 81' lang='lat' dir='ltr'><strong>particulae</strong></span> <span class='ocrx_word' id='word_1_213' title='bbox 1345 2091 1450 2134; x_wconf 85' lang='lat' dir='ltr'><strong>perm</strong></span> <span class='ocrx_word' id='word_1_214' title='bbox 1442 2077 1545 2111; x_wconf 78' lang='lat' dir='ltr'><strong>&#39;sceti</strong></span> <span class='ocrx_word' id='word_1_215' title='bbox 1567 2076 1707 2120; x_wconf 80' lang='lat' dir='ltr'><strong>solent.)</strong></span> 
     </span>
     <span class='ocr_line' id='line_1_37' title="bbox 902 2122 1709 2169; baseline -0.004 -8"><span class='ocrx_word' id='word_1_216' title='bbox 902 2126 944 2161; x_wconf 82' lang='grc' dir='ltr'><strong>τὸ</strong></span> <span class='ocrx_word' id='word_1_217' title='bbox 981 2127 1118 2165; x_wconf 89' lang='grc' dir='ltr'><strong>σαίνω,</strong></span> <span class='ocrx_word' id='word_1_218' title='bbox 1159 2125 1510 2169; x_wconf 83' lang='grc' dir='ltr'><strong>κνριολεκτούμενον</strong></span> <span class='ocrx_word' id='word_1_219' title='bbox 1550 2136 1616 2167; x_wconf 72' lang='grc' dir='ltr'><strong>μιν</strong></span> <span class='ocrx_word' id='word_1_220' title='bbox 1649 2122 1709 2158; x_wconf 76' lang='grc' dir='ltr'><strong>ἐπὶ</strong></span> 
     </span>
     <span class='ocr_line' id='line_1_38' title="bbox 902 2151 1707 2215; baseline -0.007 -7"><span class='ocrx_word' id='word_1_221' title='bbox 902 2173 1042 2212; x_wconf 77' lang='grc' dir='ltr'><strong>κυνῶν,</strong></span> <span class='ocrx_word' id='word_1_222' title='bbox 1078 2151 1150 2215; x_wconf 80' lang='grc' dir='ltr'><strong>ἤδη</strong></span> <span class='ocrx_word' id='word_1_223' title='bbox 1182 2172 1223 2207; x_wconf 77' lang='grc' dir='ltr'><strong>δὲ</strong></span> <span class='ocrx_word' id='word_1_224' title='bbox 1254 2174 1316 2208; x_wconf 81' lang='grc' dir='ltr'><strong>καὶ</strong></span> <span class='ocrx_word' id='word_1_225' title='bbox 1348 2170 1407 2208; x_wconf 74' lang='grc' dir='ltr'><strong>ἐπὶ</strong></span> <span class='ocrx_word' id='word_1_226' title='bbox 1440 2170 1571 2214; x_wconf 80' lang='grc' dir='ltr'><strong>ετέρων</strong></span> <span class='ocrx_word' id='word_1_227' title='bbox 1593 2166 1707 2211; x_wconf 80' lang='grc' dir='ltr'><strong>ζωων,</strong></span> 
     </span>
     <span class='ocr_line' id='line_1_39' title="bbox 902 2216 1707 2263; baseline -0.005 -10"><span class='ocrx_word' id='word_1_228' title='bbox 902 2216 1200 2263; x_wconf 81' lang='grc' dir='ltr'><strong>μεταφερόμενον</strong></span> <span class='ocrx_word' id='word_1_229' title='bbox 1217 2217 1256 2254; x_wconf 76' lang='grc' dir='ltr'><strong>δὲ</strong></span> <span class='ocrx_word' id='word_1_230' title='bbox 1274 2219 1455 2262; x_wconf 76' lang='grc' dir='ltr'><strong>τροπικοῖς</strong></span> <span class='ocrx_word' id='word_1_231' title='bbox 1471 2216 1531 2250; x_wconf 85' lang='grc' dir='ltr'><strong>καὶ</strong></span> <span class='ocrx_word' id='word_1_232' title='bbox 1549 2217 1600 2256; x_wconf 82' lang='grc' dir='ltr'><strong>εἰς</strong></span> <span class='ocrx_word' id='word_1_233' title='bbox 1619 2228 1707 2255; x_wconf 84' lang='grc' dir='ltr'><strong>τους</strong></span> 
     </span>
     <span class='ocr_line' id='line_1_40' title="bbox 903 2261 1707 2306; baseline -0.004 -6"><span class='ocrx_word' id='word_1_234' title='bbox 903 2264 1090 2304; x_wconf 69' lang='grc' dir='ltr'><strong>’ὑπούλους</strong></span> <span class='ocrx_word' id='word_1_235' title='bbox 1113 2278 1145 2298; x_wconf 94' lang='grc' dir='ltr'><strong>κ.</strong></span> <span class='ocrx_word' id='word_1_236' title='bbox 1169 2265 1407 2306; x_wconf 75' lang='grc' dir='ltr'><strong>κολακικούς,</strong></span> <span class='ocrx_word' id='word_1_237' title='bbox 1433 2263 1484 2299; x_wconf 77' lang='grc' dir='ltr'><strong>ἔτι</strong></span> <span class='ocrx_word' id='word_1_238' title='bbox 1509 2261 1548 2298; x_wconf 76' lang='grc' dir='ltr'><strong>δὲ</strong></span> <span class='ocrx_word' id='word_1_239' title='bbox 1573 2261 1633 2296; x_wconf 81' lang='grc' dir='ltr'><strong>καὶ</strong></span> <span class='ocrx_word' id='word_1_240' title='bbox 1656 2262 1707 2302; x_wconf 78' lang='grc' dir='ltr'><strong>εἰς</strong></span> 
     </span>
     <span class='ocr_line' id='line_1_41' title="bbox 903 2305 1706 2354; baseline -0.007 -8"><span class='ocrx_word' id='word_1_241' title='bbox 903 2311 991 2351; x_wconf 76' lang='grc' dir='ltr'><strong>τούς</strong></span> <span class='ocrx_word' id='word_1_242' title='bbox 1013 2310 1224 2354; x_wconf 78' lang='grc' dir='ltr'><strong>λαιθάργως</strong></span> <span class='ocrx_word' id='word_1_243' title='bbox 1247 2310 1460 2349; x_wconf 77' lang='grc' dir='ltr'><strong>δάκνοντας.</strong></span> <span class='ocrx_word' id='word_1_244' title='bbox 1483 2329 1524 2334; x_wconf 91' lang='grc'>-</span> <span class='ocrx_word' id='word_1_245' title='bbox 1556 2305 1581 2342; x_wconf 80' lang='grc' dir='ltr'>ῧ</span> <span class='ocrx_word' id='word_1_246' title='bbox 1593 2311 1706 2342; x_wconf 80' lang='grc' dir='ltr'><strong>λαον</strong></span> 
     </span>
     <span class='ocr_line' id='line_1_42' title="bbox 903 2355 1705 2401; baseline -0.007 -9"><span class='ocrx_word' id='word_1_247' title='bbox 903 2355 1178 2401; x_wconf 85' lang='grc' dir='ltr'><strong>προσιόντα,</strong></span> <span class='ocrx_word' id='word_1_248' title='bbox 1203 2359 1234 2391; x_wconf 82' lang='lat' dir='ltr'><strong>h.</strong></span> <span class='ocrx_word' id='word_1_249' title='bbox 1253 2370 1282 2391; x_wconf 91' lang='lat' dir='ltr'><strong>e.</strong></span> <span class='ocrx_word' id='word_1_250' title='bbox 1301 2355 1573 2395; x_wconf 79' lang='grc' dir='ltr'><strong>καθυλοίκτουν,</strong></span> <span class='ocrx_word' id='word_1_251' title='bbox 1589 2365 1705 2399; x_wconf 86' lang='lat' dir='ltr'><strong>quem-</strong></span> 
     </span>
     <span class='ocr_line' id='line_1_43' title="bbox 904 2400 1704 2438; baseline -0.005 -2"><span class='ocrx_word' id='word_1_252' title='bbox 904 2404 1081 2438; x_wconf 84' lang='lat' dir='ltr'>admodum</span> <span class='ocrx_word' id='word_1_253' title='bbox 1113 2409 1148 2436; x_wconf 82' lang='lat' dir='ltr'><strong>et</strong></span> <span class='ocrx_word' id='word_1_254' title='bbox 1180 2403 1291 2437; x_wconf 83' lang='lat' dir='ltr'><strong>Latini</strong></span> <span class='ocrx_word' id='word_1_255' title='bbox 1323 2403 1442 2437; x_wconf 80' lang='lat' dir='ltr'><strong>dicunt</strong></span> <span class='ocrx_word' id='word_1_256' title='bbox 1472 2403 1603 2435; x_wconf 77' lang='lat' dir='ltr'><strong>latrare</strong></span> <span class='ocrx_word' id='word_1_257' title='bbox 1637 2400 1704 2433; x_wconf 77' lang='lat' dir='ltr'><strong>uli-</strong></span> 
     </span>
     <span class='ocr_line' id='line_1_44' title="bbox 903 2446 1702 2505; baseline -0.006 -23"><span class='ocrx_word' id='word_1_258' title='bbox 903 2461 1013 2494; x_wconf 82' lang='lat' dir='ltr'><strong>quem.</strong></span> <span class='ocrx_word' id='word_1_259' title='bbox 1036 2468 1083 2473; x_wconf 85' lang='lat'><strong>—-</strong></span> <span class='ocrx_word' id='word_1_260' title='bbox 1115 2449 1222 2492; x_wconf 82' lang='grc' dir='ltr'><strong>περὶ</strong></span> <span class='ocrx_word' id='word_1_261' title='bbox 1246 2468 1291 2474; x_wconf 81' lang='grc'><strong>-</strong></span> <span class='ocrx_word' id='word_1_262' title='bbox 1314 2447 1449 2505; x_wconf 78' lang='grc' dir='ltr'><strong>ἦλθε,</strong></span> <span class='ocrx_word' id='word_1_263' title='bbox 1474 2446 1702 2484; x_wconf 58' lang='lat' dir='ltr'><strong>circumnenit,</strong></span> 
     </span>
     <span class='ocr_line' id='line_1_45' title="bbox 904 2491 1702 2535; baseline -0.004 -7"><span class='ocrx_word' id='word_1_264' title='bbox 904 2496 1151 2529; x_wconf 71' lang='lat' dir='ltr'><strong>circummunit.</strong></span> <span class='ocrx_word' id='word_1_265' title='bbox 1184 2495 1309 2529; x_wconf 76' lang='lat' dir='ltr'><strong>tmesis.</strong></span> <span class='ocrx_word' id='word_1_266' title='bbox 1343 2495 1386 2529; x_wconf 83' lang='lat' dir='ltr'><strong>cf.</strong></span> <span class='ocrx_word' id='word_1_267' title='bbox 1408 2493 1451 2534; x_wconf 90' lang='grc' dir='ltr'><strong>τ’,</strong></span> <span class='ocrx_word' id='word_1_268' title='bbox 1467 2491 1545 2533; x_wconf 74' lang='lat'><strong>444,</strong></span> <span class='ocrx_word' id='word_1_269' title='bbox 1564 2491 1606 2535; x_wconf 88' lang='grc' dir='ltr'><strong>ρ’,</strong></span> <span class='ocrx_word' id='word_1_270' title='bbox 1623 2492 1702 2525; x_wconf 70' lang='lat'><strong>261.</strong></span> 
     </span>
    </p>

    <p class='ocr_par' dir='ltr' id='par_1_11' title="bbox 902 2537 1702 2724">
     <span class='ocr_line' id='line_1_46' title="bbox 980 2537 1702 2586; baseline -0.01 -10"><span class='ocrx_word' id='word_1_271' title='bbox 980 2537 1004 2586; x_wconf 89' lang='grc' dir='ltr'><em>ἦ</em></span> <span class='ocrx_word' id='word_1_272' title='bbox 1037 2540 1160 2581; x_wconf 80' lang='grc' dir='ltr'><strong>μάλα</strong></span> <span class='ocrx_word' id='word_1_273' title='bbox 1186 2560 1228 2566; x_wconf 90' lang='grc'>-</span> <span class='ocrx_word' id='word_1_274' title='bbox 1252 2539 1407 2581; x_wconf 83' lang='grc' dir='ltr'><strong>ἄλλος.</strong></span> <span class='ocrx_word' id='word_1_275' title='bbox 1453 2539 1556 2573; x_wconf 83' lang='lat' dir='ltr'>ordo:</span> <span class='ocrx_word' id='word_1_276' title='bbox 1590 2551 1613 2581; x_wconf 92' lang='grc' dir='ltr'><em>η</em></span> <span class='ocrx_word' id='word_1_277' title='bbox 1647 2548 1702 2576; x_wconf 85' lang='grc' dir='ltr'><strong>τις</strong></span> 
     </span>
     <span class='ocr_line' id='line_1_47' title="bbox 902 2581 1700 2639; baseline -0.005 -19"><span class='ocrx_word' id='word_1_278' title='bbox 902 2584 999 2630; x_wconf 65' lang='grc' dir='ltr'><strong>μάλα</strong></span> <span class='ocrx_word' id='word_1_279' title='bbox 1022 2587 1166 2639; x_wconf 60' lang='grc' dir='ltr'><strong>ετοῖρος</strong></span> <span class='ocrx_word' id='word_1_280' title='bbox 1189 2585 1370 2623; x_wconf 78' lang='grc' dir='ltr'><strong>ἕλεύσεταί</strong></span> <span class='ocrx_word' id='word_1_281' title='bbox 1393 2598 1450 2620; x_wconf 88' lang='grc' dir='ltr'><strong>τοι</strong></span> <span class='ocrx_word' id='word_1_282' title='bbox 1465 2610 1474 2626; x_wconf 88' lang='grc'><strong>,</strong></span> <span class='ocrx_word' id='word_1_283' title='bbox 1500 2581 1523 2626; x_wconf 84' lang='grc' dir='ltr'><em>ἢ</em></span> <span class='ocrx_word' id='word_1_284' title='bbox 1547 2584 1610 2618; x_wconf 74' lang='grc' dir='ltr'><strong>καὶ</strong></span> <span class='ocrx_word' id='word_1_285' title='bbox 1634 2581 1700 2616; x_wconf 81' lang='grc' dir='ltr'><strong>ἄλ-</strong></span> 
     </span>
     <span class='ocr_line' id='line_1_48' title="bbox 904 2628 1700 2677; baseline -0.005 -9"><span class='ocrx_word' id='word_1_286' title='bbox 904 2637 967 2673; x_wconf 91' lang='grc' dir='ltr'><strong>λος</strong></span> <span class='ocrx_word' id='word_1_287' title='bbox 998 2631 1197 2677; x_wconf 81' lang='grc' dir='ltr'><strong>γνώριμος,</strong></span> <span class='ocrx_word' id='word_1_288' title='bbox 1231 2634 1264 2666; x_wconf 81' lang='lat' dir='ltr'><strong>h.</strong></span> <span class='ocrx_word' id='word_1_289' title='bbox 1289 2645 1318 2666; x_wconf 88' lang='lat' dir='ltr'><strong>e</strong></span> <span class='ocrx_word' id='word_1_290' title='bbox 1352 2630 1375 2676; x_wconf 87' lang='grc' dir='ltr'><strong><em>ἧ</em></strong></span> <span class='ocrx_word' id='word_1_291' title='bbox 1406 2631 1468 2666; x_wconf 73' lang='grc' dir='ltr'><strong>καὶ</strong></span> <span class='ocrx_word' id='word_1_292' title='bbox 1501 2628 1608 2669; x_wconf 79' lang='grc' dir='ltr'><strong>ἄλλος</strong></span> <span class='ocrx_word' id='word_1_293' title='bbox 1636 2640 1700 2670; x_wconf 78' lang='grc' dir='ltr'><strong>τις,</strong></span> 
     </span>
     <span class='ocr_line' id='line_1_49' title="bbox 904 2675 1700 2734; baseline -0.008 -20"><span class='ocrx_word' id='word_1_294' title='bbox 904 2678 1088 2734; x_wconf 72' lang='grc' dir='ltr'><strong>γνώριμος</strong></span> <span class='ocrx_word' id='word_1_295' title='bbox 1103 2679 1164 2714; x_wconf 80' lang='grc' dir='ltr'><strong>ὤν.</strong></span> <span class='ocrx_word' id='word_1_296' title='bbox 1203 2679 1249 2712; x_wconf 80' lang='lat' dir='ltr'><strong>E:</strong></span> <span class='ocrx_word' id='word_1_297' title='bbox 1269 2698 1313 2703; x_wconf 96' lang='lat'><strong>—</strong></span> <span class='ocrx_word' id='word_1_298' title='bbox 1328 2679 1479 2720; x_wconf 72' lang='grc' dir='ltr'><strong>διορίζει</strong></span> <span class='ocrx_word' id='word_1_299' title='bbox 1496 2677 1562 2710; x_wconf 78' lang='grc' dir='ltr'><strong>τοῦ</strong></span> <span class='ocrx_word' id='word_1_300' title='bbox 1582 2675 1700 2709; x_wconf 66' lang='grc' dir='ltr'><strong>ἑταί-</strong></span> 
     </span>
    </p>

    <p class='ocr_par' dir='ltr' id='par_1_12' title="bbox 905 2721 1701 2992">
     <span class='ocr_line' id='line_1_50' title="bbox 905 2721 1701 2781; baseline -0.01 -20"><span class='ocrx_word' id='word_1_301' title='bbox 905 2739 983 2769; x_wconf 72' lang='lat' dir='ltr'><strong>pov</strong></span> <span class='ocrx_word' id='word_1_302' title='bbox 1015 2724 1078 2761; x_wconf 78' lang='grc' dir='ltr'><strong>τὸν</strong></span> <span class='ocrx_word' id='word_1_303' title='bbox 1106 2736 1359 2781; x_wconf 82' lang='grc' dir='ltr'><strong>γνωριμον.</strong></span> <span class='ocrx_word' id='word_1_304' title='bbox 1392 2736 1424 2758; x_wconf 76' lang='grc' dir='ltr'><strong>ιι.</strong></span> <span class='ocrx_word' id='word_1_305' title='bbox 1449 2724 1536 2761; x_wconf 86' lang='grc' dir='ltr'><strong>ισως</strong></span> <span class='ocrx_word' id='word_1_306' title='bbox 1558 2721 1624 2765; x_wconf 72' lang='grc' dir='ltr'><strong>μὲν</strong></span> <span class='ocrx_word' id='word_1_307' title='bbox 1647 2733 1701 2754; x_wconf 86' lang='grc' dir='ltr'><strong>τι-</strong></span> 
     </span>
     <span class='ocr_line' id='line_1_51' title="bbox 905 2766 1701 2816; baseline -0.009 -10"><span class='ocrx_word' id='word_1_308' title='bbox 905 2771 1082 2816; x_wconf 79' lang='grc' dir='ltr'><strong>μιιότερον</strong></span> <span class='ocrx_word' id='word_1_309' title='bbox 1112 2769 1132 2806; x_wconf 90' lang='lat'><strong>0‘</strong></span> <span class='ocrx_word' id='word_1_310' title='bbox 1167 2771 1308 2812; x_wconf 74' lang='grc' dir='ltr'><strong>ἑταῖρος</strong></span> <span class='ocrx_word' id='word_1_311' title='bbox 1339 2770 1406 2803; x_wconf 83' lang='grc' dir='ltr'><strong>τοῦ</strong></span> <span class='ocrx_word' id='word_1_312' title='bbox 1427 2766 1551 2808; x_wconf 78' lang='grc' dir='ltr'><strong>απλῶς</strong></span> <span class='ocrx_word' id='word_1_313' title='bbox 1572 2768 1701 2810; x_wconf 78' lang='grc' dir='ltr'><strong>γνωρί-</strong></span> 
     </span>
     <span class='ocr_line' id='line_1_52' title="bbox 905 2811 1700 2861; baseline -0.008 -8"><span class='ocrx_word' id='word_1_314' title='bbox 905 2828 997 2861; x_wconf 86' lang='grc' dir='ltr'><strong>μου·</strong></span> <span class='ocrx_word' id='word_1_315' title='bbox 1023 2819 1110 2857; x_wconf 82' lang='grc' dir='ltr'><strong>ἴσως</strong></span> <span class='ocrx_word' id='word_1_316' title='bbox 1133 2815 1171 2851; x_wconf 85' lang='grc' dir='ltr'><strong>δε</strong></span> <span class='ocrx_word' id='word_1_317' title='bbox 1195 2814 1485 2858; x_wconf 76' lang='grc' dir='ltr'><strong>καθολικώτερόν</strong></span> <span class='ocrx_word' id='word_1_318' title='bbox 1508 2827 1543 2848; x_wconf 91' lang='grc' dir='ltr'><strong>τι</strong></span> <span class='ocrx_word' id='word_1_319' title='bbox 1565 2813 1585 2848; x_wconf 83' lang='grc' dir='ltr'>ὁ</span> <span class='ocrx_word' id='word_1_320' title='bbox 1611 2811 1700 2856; x_wconf 72' lang='lat' dir='ltr'><strong>ymi-</strong></span> 
     </span>
     <span class='ocr_line' id='line_1_53' title="bbox 906 2859 1701 2906; baseline -0.008 -8"><span class='ocrx_word' id='word_1_321' title='bbox 906 2875 1022 2906; x_wconf 82' lang='grc' dir='ltr'><strong>ριμος,</strong></span> <span class='ocrx_word' id='word_1_322' title='bbox 1045 2863 1218 2906; x_wconf 76' lang='grc' dir='ltr'><strong>περιέχων</strong></span> <span class='ocrx_word' id='word_1_323' title='bbox 1237 2860 1304 2897; x_wconf 85' lang='grc' dir='ltr'><strong>τόν</strong></span> <span class='ocrx_word' id='word_1_324' title='bbox 1328 2874 1363 2896; x_wconf 90' lang='grc' dir='ltr'><strong>τε</strong></span> <span class='ocrx_word' id='word_1_325' title='bbox 1381 2859 1539 2904; x_wconf 79' lang='grc' dir='ltr'><strong>ἑταῖρον,</strong></span> <span class='ocrx_word' id='word_1_326' title='bbox 1560 2873 1591 2894; x_wconf 89' lang='grc' dir='ltr'><strong>κ.</strong></span> <span class='ocrx_word' id='word_1_327' title='bbox 1613 2870 1701 2897; x_wconf 82' lang='grc' dir='ltr'><strong>τους</strong></span> 
     </span>
     <span class='ocr_line' id='line_1_54' title="bbox 907 2903 1700 2953; baseline -0.004 -9"><span class='ocrx_word' id='word_1_328' title='bbox 907 2909 1039 2948; x_wconf 82' lang='grc' dir='ltr'><strong>ἄλλους</strong></span> <span class='ocrx_word' id='word_1_329' title='bbox 1064 2908 1238 2944; x_wconf 74' lang='grc' dir='ltr'><strong>ὁπωσοῦν</strong></span> <span class='ocrx_word' id='word_1_330' title='bbox 1262 2906 1446 2953; x_wconf 79' lang='grc' dir='ltr'><strong>συνήθεις.</strong></span> <span class='ocrx_word' id='word_1_331' title='bbox 1470 2925 1512 2931; x_wconf 90' lang='lat'><strong>·—</strong></span> <span class='ocrx_word' id='word_1_332' title='bbox 1546 2903 1632 2941; x_wconf 59' lang='lat' dir='ltr'><strong>{aad</strong></span> <span class='ocrx_word' id='word_1_333' title='bbox 1656 2922 1700 2929; x_wconf 92' lang='grc'><strong>--</strong></span> 
     </span>
     <span class='ocr_line' id='line_1_55' title="bbox 910 2954 1238 2992; baseline -0.013 -1"><span class='ocrx_word' id='word_1_334' title='bbox 910 2954 1079 2992; x_wconf 77' lang='grc' dir='ltr'><strong>ἀκούω.</strong></span> <span class='ocrx_word' id='word_1_335' title='bbox 1112 2954 1238 2988; x_wconf 77' lang='lat' dir='ltr'><strong>tmesis.</strong></span> 
     </span>
    </p>
   </div>
  </div>
 </body>
</html>
