<?xml version="1.0" encoding="UTF-8"?>
<!DOCTYPE html PUBLIC "-//W3C//DTD XHTML 1.0 Transitional//EN"
    "http://www.w3.org/TR/xhtml1/DTD/xhtml1-transitional.dtd">
<html xmlns="http://www.w3.org/1999/xhtml" xml:lang="en" lang="en">
 <head>
  <title>
</title>
<meta http-equiv="Content-Type" content="text/html;charset=utf-8" />
  <meta name='ocr-system' content='tesseract 3.04.00' />
  <meta name='ocr-capabilities' content='ocr_page ocr_carea ocr_par ocr_line ocrx_word'/>
</head>
<body>
  <div class='ocr_page' id='page_1' title='image "./carmina03home/carmina03home_0219.png"; bbox 0 0 1846 3282; ppageno 0'>
   <div class='ocr_carea' id='block_1_1' title="bbox 435 800 1397 859">
    <p class='ocr_par' dir='ltr' id='par_1_1' title="bbox 435 800 1397 859">
     <span class='ocr_line' id='line_1_1' title="bbox 435 800 1397 859; baseline -0.007 -1"><span class='ocrx_word' id='word_1_1' title='bbox 435 800 1247 859; x_wconf 82' lang='grc' dir='ltr'><em>ΟΔῩΣΣΕΙΑΣ</em></span> <span class='ocrx_word' id='word_1_2' title='bbox 1326 801 1397 852; x_wconf 89' lang='lat' dir='ltr'>H.</span> 
     </span>
    </p>
   </div>
   <div class='ocr_carea' id='block_1_2' title="bbox 285 1019 1536 1075">
    <p class='ocr_par' dir='ltr' id='par_1_2' title="bbox 285 1019 1536 1075">
     <span class='ocr_line' id='line_1_2' title="bbox 285 1019 1536 1075; baseline -0.004 0"><span class='ocrx_word' id='word_1_3' title='bbox 285 1040 630 1075; x_wconf 67' lang='lat' dir='ltr'>OATzz&#39;Eszz</span> <span class='ocrx_word' id='word_1_4' title='bbox 673 1039 961 1074; x_wconf 75' lang='grc' dir='ltr'><em>ΕΙΣοΔοΣ</em></span> <span class='ocrx_word' id='word_1_5' title='bbox 994 1038 1163 1073; x_wconf 81' lang='grc' dir='ltr'><em>ΠΡΟΣ</em></span> <span class='ocrx_word' id='word_1_6' title='bbox 1201 1019 1536 1073; x_wconf 73' lang='lat' dir='ltr'><em>AAKINOYN.</em></span> 
     </span>
    </p>
   </div>
   <div class='ocr_carea' id='block_1_3' title="bbox 214 1285 1748 1380">
    <p class='ocr_par' dir='ltr' id='par_1_3' title="bbox 214 1285 1748 1380">
     <span class='ocr_line' id='line_1_3' title="bbox 295 1285 1748 1342; baseline 0 -22"><span class='ocrx_word' id='word_1_7' title='bbox 295 1288 437 1321; x_wconf 81' lang='lat' dir='ltr'>Domum</span> <span class='ocrx_word' id='word_1_8' title='bbox 461 1286 552 1320; x_wconf 84' lang='lat' dir='ltr'>redit</span> <span class='ocrx_word' id='word_1_9' title='bbox 572 1287 767 1328; x_wconf 88' lang='lat' dir='ltr'>Nausicaa;</span> <span class='ocrx_word' id='word_1_10' title='bbox 794 1287 956 1321; x_wconf 85' lang='lat' dir='ltr'>Minerva</span> <span class='ocrx_word' id='word_1_11' title='bbox 979 1297 1064 1320; x_wconf 85' lang='lat' dir='ltr'>vero</span> <span class='ocrx_word' id='word_1_12' title='bbox 1090 1285 1226 1319; x_wconf 80' lang='lat' dir='ltr'>obviam</span> <span class='ocrx_word' id='word_1_13' title='bbox 1250 1286 1291 1320; x_wconf 81' lang='lat' dir='ltr'>fit</span> <span class='ocrx_word' id='word_1_14' title='bbox 1311 1286 1433 1331; x_wconf 80' lang='lat' dir='ltr'>Ulyssi</span> <span class='ocrx_word' id='word_1_15' title='bbox 1456 1287 1574 1342; x_wconf 85' lang='lat' dir='ltr'>specie</span> <span class='ocrx_word' id='word_1_16' title='bbox 1600 1286 1748 1332; x_wconf 74' lang='lat' dir='ltr'>puellae,</span> 
     </span>
     <span class='ocr_line' id='line_1_4' title="bbox 214 1332 1748 1380; baseline 0.001 -14"><span class='ocrx_word' id='word_1_17' title='bbox 214 1333 377 1378; x_wconf 82' lang='lat' dir='ltr'>illumque</span> <span class='ocrx_word' id='word_1_18' title='bbox 409 1334 533 1367; x_wconf 82' lang='lat' dir='ltr'>nebula</span> <span class='ocrx_word' id='word_1_19' title='bbox 567 1339 699 1369; x_wconf 85' lang='lat' dir='ltr'>tectum</span> <span class='ocrx_word' id='word_1_20' title='bbox 730 1334 765 1368; x_wconf 90' lang='lat' dir='ltr'>in</span> <span class='ocrx_word' id='word_1_21' title='bbox 797 1335 916 1368; x_wconf 88' lang='lat' dir='ltr'>urbem</span> <span class='ocrx_word' id='word_1_22' title='bbox 949 1333 1124 1378; x_wconf 82' lang='lat' dir='ltr'>aedesque</span> <span class='ocrx_word' id='word_1_23' title='bbox 1147 1332 1282 1367; x_wconf 83' lang='lat' dir='ltr'><strong>Alcinoi</strong></span> <span class='ocrx_word' id='word_1_24' title='bbox 1318 1334 1450 1367; x_wconf 86' lang='lat' dir='ltr'>ducens</span> <span class='ocrx_word' id='word_1_25' title='bbox 1475 1333 1662 1380; x_wconf 80' lang='lat' dir='ltr'><strong>diligenter</strong></span> <span class='ocrx_word' id='word_1_26' title='bbox 1685 1333 1748 1369; x_wconf 78' lang='lat' dir='ltr'>ad-</span> 
     </span>
    </p>
   </div>
   <div class='ocr_carea' id='block_1_4' title="bbox 215 1386 341 1414">
    <p class='ocr_par' dir='ltr' id='par_1_4' title="bbox 215 1386 341 1414">
     <span class='ocr_line' id='line_1_5' title="bbox 215 1386 341 1414; baseline 0 -1"><span class='ocrx_word' id='word_1_27' title='bbox 215 1386 341 1414; x_wconf 84' lang='lat' dir='ltr'>monet.</span> 
     </span>
    </p>
   </div>
   <div class='ocr_carea' id='block_1_5' title="bbox 237 1446 1569 1711">
    <p class='ocr_par' dir='ltr' id='par_1_5' title="bbox 237 1446 1474 1582">
     <span class='ocr_line' id='line_1_6' title="bbox 237 1446 1474 1540; baseline 0 -27"><span class='ocrx_word' id='word_1_28' title='bbox 237 1446 390 1520; x_wconf 72' lang='grc' dir='ltr'>Ως“”</span> <span class='ocrx_word' id='word_1_29' title='bbox 366 1487 390 1513; x_wconf 96' lang='lat' dir='ltr'>o</span> <span class='ocrx_word' id='word_1_30' title='bbox 421 1469 500 1540; x_wconf 75' lang='grc' dir='ltr'>μὲν</span> <span class='ocrx_word' id='word_1_31' title='bbox 532 1468 631 1513; x_wconf 77' lang='grc' dir='ltr'>ἔνθ’</span> <span class='ocrx_word' id='word_1_32' title='bbox 661 1467 798 1538; x_wconf 76' lang='grc' dir='ltr'><em>ἠρᾶτο</em></span> <span class='ocrx_word' id='word_1_33' title='bbox 829 1468 1054 1520; x_wconf 79' lang='grc' dir='ltr'><em>πολύτλας</em></span> <span class='ocrx_word' id='word_1_34' title='bbox 1085 1470 1181 1519; x_wconf 83' lang='grc' dir='ltr'><em>δῖος</em></span> <span class='ocrx_word' id='word_1_35' title='bbox 1208 1467 1474 1520; x_wconf 77' lang='grc' dir='ltr'><em>Ὀδυσσεύς·</em></span> 
     </span>
     <span class='ocr_line' id='line_1_7' title="bbox 247 1524 1380 1597; baseline -0.002 -27"><span class='ocrx_word' id='word_1_36' title='bbox 247 1525 419 1597; x_wconf 80' lang='grc' dir='ltr'><em>κούρην</em></span> <span class='ocrx_word' id='word_1_37' title='bbox 449 1527 494 1570; x_wconf 77' lang='grc' dir='ltr'>δὲ</span> <span class='ocrx_word' id='word_1_38' title='bbox 523 1526 650 1583; x_wconf 77' lang='grc' dir='ltr'><em>προτὶ</em></span> <span class='ocrx_word' id='word_1_39' title='bbox 681 1524 791 1567; x_wconf 76' lang='grc' dir='ltr'><em>ἄστυ</em></span> <span class='ocrx_word' id='word_1_40' title='bbox 820 1526 956 1580; x_wconf 79' lang='grc' dir='ltr'><em>φέρεν</em></span> <span class='ocrx_word' id='word_1_41' title='bbox 985 1526 1114 1579; x_wconf 81' lang='grc' dir='ltr'><em>μένος</em></span> <span class='ocrx_word' id='word_1_42' title='bbox 1141 1524 1380 1580; x_wconf 76' lang='grc' dir='ltr'><em>ἡμιονοῑϊν.</em></span> 
     </span>
    </p>

    <p class='ocr_par' dir='ltr' id='par_1_6' title="bbox 247 1581 1569 1696">
     <span class='ocr_line' id='line_1_8' title="bbox 247 1581 1456 1638; baseline 0.001 -13"><span class='ocrx_word' id='word_1_43' title='bbox 247 1581 276 1638; x_wconf 81' lang='grc' dir='ltr'><em>ἦ</em></span> <span class='ocrx_word' id='word_1_44' title='bbox 308 1581 351 1625; x_wconf 83' lang='grc' dir='ltr'>δ’</span> <span class='ocrx_word' id='word_1_45' title='bbox 381 1583 452 1633; x_wconf 80' lang='grc' dir='ltr'>ὅτε</span> <span class='ocrx_word' id='word_1_46' title='bbox 484 1584 535 1638; x_wconf 80' lang='grc' dir='ltr'>δη</span> <span class='ocrx_word' id='word_1_47' title='bbox 568 1584 623 1625; x_wconf 81' lang='grc' dir='ltr'><em>οὐ</em></span> <span class='ocrx_word' id='word_1_48' title='bbox 654 1581 818 1634; x_wconf 82' lang='grc' dir='ltr'><em>πατρὸς</em></span> <span class='ocrx_word' id='word_1_49' title='bbox 849 1581 1073 1638; x_wconf 77' lang='grc' dir='ltr'><em>ἀγακλυτὰ</em></span> <span class='ocrx_word' id='word_1_50' title='bbox 1105 1581 1285 1637; x_wconf 74' lang='grc' dir='ltr'><em>δώμαθ’</em></span> <span class='ocrx_word' id='word_1_51' title='bbox 1319 1585 1456 1633; x_wconf 79' lang='grc' dir='ltr'><em>ἵκανε,</em></span> 
     </span>
     <span class='ocr_line' id='line_1_9' title="bbox 251 1637 1569 1711; baseline 0.002 -29"><span class='ocrx_word' id='word_1_52' title='bbox 251 1643 418 1711; x_wconf 79' lang='grc' dir='ltr'><em>στῆσεν</em></span> <span class='ocrx_word' id='word_1_53' title='bbox 438 1639 517 1691; x_wconf 78' lang='grc' dir='ltr'><em>ἄρ’</em></span> <span class='ocrx_word' id='word_1_54' title='bbox 546 1639 594 1682; x_wconf 78' lang='grc' dir='ltr'>ἐν</span> <span class='ocrx_word' id='word_1_55' title='bbox 623 1637 919 1692; x_wconf 79' lang='grc' dir='ltr'><strong><em>προθύροισι·</em></strong></span> <span class='ocrx_word' id='word_1_56' title='bbox 950 1641 1208 1710; x_wconf 80' lang='grc' dir='ltr'><em>κασίγνητοι</em></span> <span class='ocrx_word' id='word_1_57' title='bbox 1240 1639 1287 1682; x_wconf 83' lang='grc' dir='ltr'>δέ</span> <span class='ocrx_word' id='word_1_58' title='bbox 1316 1656 1394 1710; x_wconf 84' lang='grc' dir='ltr'>μιν</span> <span class='ocrx_word' id='word_1_59' title='bbox 1408 1639 1569 1710; x_wconf 83' lang='grc' dir='ltr'><em>αμφὶς</em></span> 
     </span>
    </p>
   </div>
   <div class='ocr_carea' id='block_1_6' title="bbox 191 1694 991 1765">
    <p class='ocr_par' dir='ltr' id='par_1_7' title="bbox 191 1694 991 1765">
     <span class='ocr_line' id='line_1_10' title="bbox 191 1694 991 1765; baseline -0.001 -25"><span class='ocrx_word' id='word_1_60' title='bbox 191 1699 219 1741; x_wconf 86' lang='lat'>5</span> <span class='ocrx_word' id='word_1_61' title='bbox 248 1695 418 1739; x_wconf 78' lang='grc' dir='ltr'><em>ι’σταντ’</em></span> <span class='ocrx_word' id='word_1_62' title='bbox 429 1730 440 1747; x_wconf 91' lang='grc'><em>,</em></span> <span class='ocrx_word' id='word_1_63' title='bbox 472 1694 714 1745; x_wconf 71' lang='grc' dir='ltr'><em>ἀθανάτοις</em></span> <span class='ocrx_word' id='word_1_64' title='bbox 743 1695 991 1765; x_wconf 79' lang='grc' dir='ltr'><em>ἐναλίγκιοι</em></span> 
     </span>
    </p>
   </div>
   <div class='ocr_carea' id='block_1_7' title="bbox 1051 1693 1499 1756">
    <p class='ocr_par' dir='ltr' id='par_1_8' title="bbox 1051 1693 1499 1756">
     <span class='ocr_line' id='line_1_11' title="bbox 1051 1693 1499 1756; baseline 0.002 -17"><span class='ocrx_word' id='word_1_65' title='bbox 1051 1697 1099 1739; x_wconf 88' lang='grc' dir='ltr'>οι’</span> <span class='ocrx_word' id='word_1_66' title='bbox 1134 1697 1158 1751; x_wconf 81' lang='grc' dir='ltr'><em>ῥ</em></span> <span class='ocrx_word' id='word_1_67' title='bbox 1215 1693 1296 1739; x_wconf 82' lang='grc' dir='ltr'>ὑπ’</span> <span class='ocrx_word' id='word_1_68' title='bbox 1327 1696 1499 1756; x_wconf 80' lang='grc' dir='ltr'><em>ἀπήνης</em></span> 
     </span>
    </p>
   </div>
   <div class='ocr_carea' id='block_1_8' title="bbox 192 1751 1289 1823">
    <p class='ocr_par' dir='ltr' id='par_1_9' title="bbox 192 1751 1289 1823">
     <span class='ocr_line' id='line_1_12' title="bbox 192 1751 1289 1823; baseline 0.001 -28.046"><span class='ocrx_word' id='word_1_69' title='bbox 192 1751 452 1823; x_wconf 71' lang='grc' dir='ltr'><em>*ἡμιόνους</em></span> <span class='ocrx_word' id='word_1_70' title='bbox 483 1753 640 1803; x_wconf 76' lang='grc' dir='ltr'><em>ἔλυον,</em></span> <span class='ocrx_word' id='word_1_71' title='bbox 671 1751 835 1808; x_wconf 81' lang='grc' dir='ltr'><strong><em>ἐσθῆτά</em></strong></span> <span class='ocrx_word' id='word_1_72' title='bbox 865 1770 910 1796; x_wconf 85' lang='grc' dir='ltr'>τε</span> <span class='ocrx_word' id='word_1_73' title='bbox 941 1753 1132 1809; x_wconf 73' lang='grc' dir='ltr'><em>ἔσφερον</em></span> <span class='ocrx_word' id='word_1_74' title='bbox 1163 1754 1289 1796; x_wconf 79' lang='grc' dir='ltr'><em>εἵσω·</em></span> 
     </span>
    </p>
   </div>
   <div class='ocr_carea' id='block_1_9' title="bbox 250 1807 960 1866">
    <p class='ocr_par' dir='ltr' id='par_1_10' title="bbox 250 1807 960 1866">
     <span class='ocr_line' id='line_1_13' title="bbox 250 1807 960 1866; baseline 0 -14"><span class='ocrx_word' id='word_1_75' title='bbox 250 1807 362 1864; x_wconf 80' lang='grc' dir='ltr'><em>αὐτὴ</em></span> <span class='ocrx_word' id='word_1_76' title='bbox 397 1807 440 1853; x_wconf 87' lang='lat'>6&#39;</span> <span class='ocrx_word' id='word_1_77' title='bbox 471 1809 515 1861; x_wconf 79' lang='grc' dir='ltr'>ἐς</span> <span class='ocrx_word' id='word_1_78' title='bbox 543 1808 748 1864; x_wconf 76' lang='grc' dir='ltr'><em>θάλαμον</em></span> <span class='ocrx_word' id='word_1_79' title='bbox 779 1809 852 1853; x_wconf 76' lang='grc' dir='ltr'>ἑὸν</span> <span class='ocrx_word' id='word_1_80' title='bbox 881 1809 960 1866; x_wconf 75' lang='grc' dir='ltr'><em>ἤιε.</em></span> 
     </span>
    </p>
   </div>
   <div class='ocr_carea' id='block_1_10' title="bbox 1020 1810 1391 1866">
    <p class='ocr_par' dir='ltr' id='par_1_11' title="bbox 1020 1810 1391 1866">
     <span class='ocr_line' id='line_1_14' title="bbox 1020 1810 1391 1866; baseline 0.003 -13"><span class='ocrx_word' id='word_1_81' title='bbox 1020 1812 1116 1853; x_wconf 81' lang='grc' dir='ltr'><em>δαῖε</em></span> <span class='ocrx_word' id='word_1_82' title='bbox 1148 1810 1196 1854; x_wconf 82' lang='grc' dir='ltr'>δέ</span> <span class='ocrx_word' id='word_1_83' title='bbox 1227 1811 1271 1853; x_wconf 83' lang='grc' dir='ltr'><em>οἱ</em></span> <span class='ocrx_word' id='word_1_84' title='bbox 1299 1813 1391 1866; x_wconf 80' lang='grc' dir='ltr'><em>πῦρ</em></span> 
     </span>
    </p>
   </div>
   <div class='ocr_carea' id='block_1_11' title="bbox 248 1865 1376 1924">
    <p class='ocr_par' dir='ltr' id='par_1_12' title="bbox 248 1865 1376 1924">
     <span class='ocr_line' id='line_1_15' title="bbox 248 1865 1376 1924; baseline -0.001 -12"><span class='ocrx_word' id='word_1_85' title='bbox 248 1865 386 1923; x_wconf 74' lang='grc' dir='ltr'><em>γρηῢς</em></span> <span class='ocrx_word' id='word_1_86' title='bbox 411 1865 661 1924; x_wconf 81' lang='grc' dir='ltr'><em>Ἀπειραίη,</em></span> <span class='ocrx_word' id='word_1_87' title='bbox 690 1867 1009 1924; x_wconf 81' lang='grc' dir='ltr'><em>θαλαμηπόλος</em></span> <span class='ocrx_word' id='word_1_88' title='bbox 1039 1866 1376 1924; x_wconf 80' lang='grc' dir='ltr'><em>Εὐρυμέδουσα,</em></span> 
     </span>
    </p>
   </div>
   <div class='ocr_carea' id='block_1_12' title="bbox 79 2001 889 3063">
    <p class='ocr_par' dir='ltr' id='par_1_13' title="bbox 79 2001 888 2177">
     <span class='ocr_line' id='line_1_16' title="bbox 127 2001 886 2047; baseline 0.003 -13"><span class='ocrx_word' id='word_1_89' title='bbox 127 2002 386 2036; x_wconf 79' lang='lat' dir='ltr'>Annotationes.</span> <span class='ocrx_word' id='word_1_90' title='bbox 422 2002 523 2037; x_wconf 83' lang='lat' dir='ltr'>vers.</span> <span class='ocrx_word' id='word_1_91' title='bbox 539 2001 574 2037; x_wconf 85' lang='lat'>4.</span> <span class='ocrx_word' id='word_1_92' title='bbox 599 2002 783 2047; x_wconf 74' lang='grc' dir='ltr'><em>στῆσεν,</em></span> <span class='ocrx_word' id='word_1_93' title='bbox 805 2015 886 2037; x_wconf 85' lang='lat' dir='ltr'>con-</span> 
     </span>
     <span class='ocr_line' id='line_1_17' title="bbox 79 2047 888 2089; baseline 0.006 -10"><span class='ocrx_word' id='word_1_94' title='bbox 79 2048 180 2083; x_wconf 73' lang='lat' dir='ltr'>stitiv.</span> <span class='ocrx_word' id='word_1_95' title='bbox 212 2047 264 2089; x_wconf 84' lang='grc' dir='ltr'>δ’,</span> <span class='ocrx_word' id='word_1_96' title='bbox 286 2049 332 2082; x_wconf 74' lang='lat'>22</span> <span class='ocrx_word' id='word_1_97' title='bbox 353 2053 421 2083; x_wconf 83' lang='lat' dir='ltr'>etc.</span> <span class='ocrx_word' id='word_1_98' title='bbox 462 2050 519 2083; x_wconf 87' lang='lat' dir='ltr'>vel</span> <span class='ocrx_word' id='word_1_99' title='bbox 550 2049 639 2083; x_wconf 75' lang='lat' dir='ltr'>stitit</span> <span class='ocrx_word' id='word_1_100' title='bbox 671 2059 731 2083; x_wconf 85' lang='lat' dir='ltr'>seu</span> <span class='ocrx_word' id='word_1_101' title='bbox 762 2049 888 2084; x_wconf 80' lang='lat' dir='ltr'>statuit</span> 
     </span>
     <span class='ocr_line' id='line_1_18' title="bbox 80 2092 887 2140; baseline 0.006 -14"><span class='ocrx_word' id='word_1_102' title='bbox 80 2094 200 2136; x_wconf 79' lang='lat' dir='ltr'>mulos,</span> <span class='ocrx_word' id='word_1_103' title='bbox 223 2098 260 2127; x_wconf 82' lang='lat' dir='ltr'>ut</span> <span class='ocrx_word' id='word_1_104' title='bbox 283 2095 322 2127; x_wconf 93' lang='lat' dir='ltr'>Il.</span> <span class='ocrx_word' id='word_1_105' title='bbox 347 2093 384 2138; x_wconf 79' lang='grc' dir='ltr'>ε’,</span> <span class='ocrx_word' id='word_1_106' title='bbox 406 2094 505 2131; x_wconf 89' lang='lat'><strong><em>755.</em></strong></span> <span class='ocrx_word' id='word_1_107' title='bbox 500 2109 506 2115; x_wconf 91' lang='lat'><strong>·</strong></span> <span class='ocrx_word' id='word_1_108' title='bbox 532 2092 617 2129; x_wconf 76' lang='grc' dir='ltr'>ἕνθ’</span> <span class='ocrx_word' id='word_1_109' title='bbox 640 2095 779 2136; x_wconf 76' lang='grc' dir='ltr'><em>ἵππους</em></span> <span class='ocrx_word' id='word_1_110' title='bbox 801 2095 887 2140; x_wconf 86' lang='grc' dir='ltr'><em>στή-</em></span> 
     </span>
     <span class='ocr_line' id='line_1_19' title="bbox 80 2140 889 2177; baseline 0.003 -3"><span class='ocrx_word' id='word_1_111' title='bbox 80 2151 176 2175; x_wconf 87' lang='grc' dir='ltr'><em>σασα</em></span> <span class='ocrx_word' id='word_1_112' title='bbox 199 2140 274 2175; x_wconf 78' lang='grc' dir='ltr'><em>θεοὶ</em></span> <span class='ocrx_word' id='word_1_113' title='bbox 299 2145 366 2175; x_wconf 84' lang='lat' dir='ltr'>etc.</span> <span class='ocrx_word' id='word_1_114' title='bbox 405 2142 466 2176; x_wconf 86' lang='lat' dir='ltr'>sed</span> <span class='ocrx_word' id='word_1_115' title='bbox 493 2141 638 2175; x_wconf 85' lang='lat' dir='ltr'>alterum</span> <span class='ocrx_word' id='word_1_116' title='bbox 657 2141 742 2177; x_wconf 89' lang='lat' dir='ltr'>illud</span> <span class='ocrx_word' id='word_1_117' title='bbox 764 2142 889 2177; x_wconf 87' lang='lat' dir='ltr'>malim.</span> 
     </span>
    </p>

    <p class='ocr_par' dir='ltr' id='par_1_14' title="bbox 79 2183 889 2646">
     <span class='ocr_line' id='line_1_20' title="bbox 125 2183 887 2232; baseline 0.005 -13"><span class='ocrx_word' id='word_1_118' title='bbox 125 2189 159 2223; x_wconf 86' lang='lat'>6.</span> <span class='ocrx_word' id='word_1_119' title='bbox 207 2186 416 2222; x_wconf 84' lang='lat' dir='ltr'>scribamus:</span> <span class='ocrx_word' id='word_1_120' title='bbox 449 2185 627 2232; x_wconf 79' lang='grc' dir='ltr'><em>ἡμιόνους</em></span> <span class='ocrx_word' id='word_1_121' title='bbox 659 2183 696 2222; x_wconf 85' lang='grc' dir='ltr'>τ’</span> <span class='ocrx_word' id='word_1_122' title='bbox 722 2186 872 2223; x_wconf 81' lang='grc' dir='ltr'><em>ἐλύοντ’</em></span> <span class='ocrx_word' id='word_1_123' title='bbox 877 2213 887 2231; x_wconf 94' lang='grc'><em>,</em></span> 
     </span>
     <span class='ocr_line' id='line_1_21' title="bbox 79 2229 889 2291; baseline 0.002 -24"><span class='ocrx_word' id='word_1_124' title='bbox 79 2229 243 2291; x_wconf 75' lang='grc' dir='ltr'><strong><em>ἐσθῆτά</em></strong></span> <span class='ocrx_word' id='word_1_125' title='bbox 253 2245 290 2268; x_wconf 84' lang='grc' dir='ltr'>τε</span> <span class='ocrx_word' id='word_1_126' title='bbox 323 2231 351 2268; x_wconf 77' lang='grc' dir='ltr'>ἕ.</span> <span class='ocrx_word' id='word_1_127' title='bbox 377 2245 405 2268; x_wconf 88' lang='grc' dir='ltr'>ε.</span> <span class='ocrx_word' id='word_1_128' title='bbox 453 2234 617 2268; x_wconf 85' lang='lat' dir='ltr'>usitatum</span> <span class='ocrx_word' id='word_1_129' title='bbox 650 2238 704 2268; x_wconf 83' lang='lat' dir='ltr'>est</span> <span class='ocrx_word' id='word_1_130' title='bbox 737 2235 889 2269; x_wconf 86' lang='lat' dir='ltr'>Homero</span> 
     </span>
     <span class='ocr_line' id='line_1_22' title="bbox 80 2276 887 2326; baseline 0.004 -14"><span class='ocrx_word' id='word_1_131' title='bbox 80 2276 120 2312; x_wconf 74' lang='grc' dir='ltr'>τὲ</span> <span class='ocrx_word' id='word_1_132' title='bbox 141 2297 188 2303; x_wconf 88' lang='grc'><strong>-</strong></span> <span class='ocrx_word' id='word_1_133' title='bbox 210 2292 269 2320; x_wconf 86' lang='grc' dir='ltr'><em>τε,</em></span> <span class='ocrx_word' id='word_1_134' title='bbox 301 2279 358 2314; x_wconf 85' lang='lat' dir='ltr'>vel</span> <span class='ocrx_word' id='word_1_135' title='bbox 380 2277 419 2314; x_wconf 76' lang='grc' dir='ltr'>τὲ</span> <span class='ocrx_word' id='word_1_136' title='bbox 443 2299 488 2304; x_wconf 94' lang='grc'>--</span> <span class='ocrx_word' id='word_1_137' title='bbox 511 2280 596 2324; x_wconf 75' lang='grc' dir='ltr'><em>καὶ,</em></span> <span class='ocrx_word' id='word_1_138' title='bbox 636 2280 672 2313; x_wconf 86' lang='grc' dir='ltr'>ἰιι</span> <span class='ocrx_word' id='word_1_139' title='bbox 697 2280 762 2322; x_wconf 75' lang='lat' dir='ltr'>iis,</span> <span class='ocrx_word' id='word_1_140' title='bbox 798 2293 887 2326; x_wconf 88' lang='lat' dir='ltr'>quae</span> 
     </span>
     <span class='ocr_line' id='line_1_23' title="bbox 81 2323 888 2370; baseline 0.006 -14"><span class='ocrx_word' id='word_1_141' title='bbox 81 2323 181 2357; x_wconf 84' lang='lat' dir='ltr'>slmnl</span> <span class='ocrx_word' id='word_1_142' title='bbox 202 2325 300 2359; x_wconf 85' lang='lat' dir='ltr'>fiunt.</span> <span class='ocrx_word' id='word_1_143' title='bbox 348 2330 532 2370; x_wconf 87' lang='lat' dir='ltr'>praeterea</span> <span class='ocrx_word' id='word_1_144' title='bbox 555 2326 724 2360; x_wconf 81' lang='lat' dir='ltr'>firmiores</span> <span class='ocrx_word' id='word_1_145' title='bbox 749 2326 783 2361; x_wconf 89' lang='lat' dir='ltr'>hi</span> <span class='ocrx_word' id='word_1_146' title='bbox 808 2332 888 2361; x_wconf 84' lang='lat' dir='ltr'>sunt</span> 
     </span>
     <span class='ocr_line' id='line_1_24' title="bbox 82 2370 887 2417; baseline 0.007 -15"><span class='ocrx_word' id='word_1_147' title='bbox 82 2370 209 2403; x_wconf 89' lang='lat' dir='ltr'>numeri</span> <span class='ocrx_word' id='word_1_148' title='bbox 238 2381 369 2404; x_wconf 81' lang='lat' dir='ltr'>versus.</span> <span class='ocrx_word' id='word_1_149' title='bbox 416 2371 569 2417; x_wconf 79' lang='grc' dir='ltr'><em>λύοντο,</em></span> <span class='ocrx_word' id='word_1_150' title='bbox 600 2378 639 2406; x_wconf 84' lang='lat' dir='ltr'>ut</span> <span class='ocrx_word' id='word_1_151' title='bbox 661 2373 799 2414; x_wconf 77' lang='grc' dir='ltr'><em>ἵππους</em></span> <span class='ocrx_word' id='word_1_152' title='bbox 822 2376 887 2408; x_wconf 90' lang='grc' dir='ltr'><em>λυ-</em></span> 
     </span>
     <span class='ocr_line' id='line_1_25' title="bbox 81 2413 888 2473; baseline 0.004 -23"><span class='ocrx_word' id='word_1_153' title='bbox 81 2413 235 2459; x_wconf 77' lang='grc' dir='ltr'><em>σάμενοι</em></span> <span class='ocrx_word' id='word_1_154' title='bbox 263 2416 302 2451; x_wconf 86' lang='lat'>11.</span> <span class='ocrx_word' id='word_1_155' title='bbox 325 2414 386 2459; x_wconf 84' lang='grc' dir='ltr'><em>ψ’,</em></span> <span class='ocrx_word' id='word_1_156' title='bbox 414 2419 454 2452; x_wconf 89' lang='grc'>11</span> <span class='ocrx_word' id='word_1_157' title='bbox 480 2424 546 2454; x_wconf 84' lang='lat' dir='ltr'>etc.</span> <span class='ocrx_word' id='word_1_158' title='bbox 593 2430 657 2453; x_wconf 85' lang='lat' dir='ltr'>nec</span> <span class='ocrx_word' id='word_1_159' title='bbox 687 2424 800 2473; x_wconf 61' lang='lat' dir='ltr'>tafnen</span> <span class='ocrx_word' id='word_1_160' title='bbox 832 2421 888 2453; x_wconf 86' lang='lat' dir='ltr'>in-</span> 
     </span>
     <span class='ocr_line' id='line_1_26' title="bbox 81 2461 887 2520; baseline 0.008 -26"><span class='ocrx_word' id='word_1_161' title='bbox 81 2464 243 2503; x_wconf 84' lang='lat' dir='ltr'>tercedo,</span> <span class='ocrx_word' id='word_1_162' title='bbox 276 2463 453 2506; x_wconf 77' lang='lat' dir='ltr'>quominus</span> <span class='ocrx_word' id='word_1_163' title='bbox 477 2469 623 2519; x_wconf 71' lang='lat' dir='ltr'>ponatur</span> <span class='ocrx_word' id='word_1_164' title='bbox 644 2461 831 2520; x_wconf 82' lang='grc' dir='ltr'><em>ἡμιόνους</em></span> <span class='ocrx_word' id='word_1_165' title='bbox 849 2463 887 2500; x_wconf 75' lang='grc' dir='ltr'>τ’</span> 
     </span>
     <span class='ocr_line' id='line_1_27' title="bbox 81 2506 888 2557; baseline 0.005 -15"><span class='ocrx_word' id='word_1_166' title='bbox 81 2506 206 2543; x_wconf 55' lang='lat' dir='ltr'>{ivon-</span> <span class='ocrx_word' id='word_1_167' title='bbox 231 2519 347 2544; x_wconf 86' lang='lat' dir='ltr'>verum</span> <span class='ocrx_word' id='word_1_168' title='bbox 369 2507 451 2542; x_wconf 90' lang='lat' dir='ltr'>illud</span> <span class='ocrx_word' id='word_1_169' title='bbox 466 2511 547 2544; x_wconf 90' lang='lat' dir='ltr'>mihi</span> <span class='ocrx_word' id='word_1_170' title='bbox 566 2511 655 2557; x_wconf 87' lang='lat' dir='ltr'>eripi</span> <span class='ocrx_word' id='word_1_171' title='bbox 675 2524 739 2545; x_wconf 90' lang='lat' dir='ltr'>non</span> <span class='ocrx_word' id='word_1_172' title='bbox 761 2513 888 2557; x_wconf 82' lang='lat' dir='ltr'>patiar,</span> 
     </span>
     <span class='ocr_line' id='line_1_28' title="bbox 79 2553 886 2603; baseline 0.004 -15"><span class='ocrx_word' id='word_1_173' title='bbox 79 2566 101 2588; x_wconf 79' lang='lat' dir='ltr'>t·</span> <span class='ocrx_word' id='word_1_174' title='bbox 142 2553 332 2592; x_wconf 80' lang='lat' dir='ltr'>excidisse,</span> <span class='ocrx_word' id='word_1_175' title='bbox 363 2559 497 2600; x_wconf 82' lang='lat' dir='ltr'>raptum</span> <span class='ocrx_word' id='word_1_176' title='bbox 522 2558 565 2591; x_wconf 79' lang='lat' dir='ltr'>ab</span> <span class='ocrx_word' id='word_1_177' title='bbox 597 2568 618 2591; x_wconf 92' lang='grc' dir='ltr'><strong>σ</strong></span> <span class='ocrx_word' id='word_1_178' title='bbox 641 2557 766 2600; x_wconf 82' lang='lat' dir='ltr'>simili,</span> <span class='ocrx_word' id='word_1_179' title='bbox 795 2558 886 2603; x_wconf 87' lang='lat' dir='ltr'>quod</span> 
     </span>
     <span class='ocr_line' id='line_1_29' title="bbox 81 2600 828 2646; baseline 0.007 -12"><span class='ocrx_word' id='word_1_180' title='bbox 81 2600 269 2634; x_wconf 80' lang='lat' dir='ltr'>antecedit.</span> <span class='ocrx_word' id='word_1_181' title='bbox 306 2611 340 2635; x_wconf 79' lang='lat' dir='ltr'>v,</span> <span class='ocrx_word' id='word_1_182' title='bbox 367 2611 445 2636; x_wconf 76' lang='lat' dir='ltr'>ann.</span> <span class='ocrx_word' id='word_1_183' title='bbox 470 2603 512 2636; x_wconf 82' lang='lat' dir='ltr'>ad</span> <span class='ocrx_word' id='word_1_184' title='bbox 536 2603 576 2636; x_wconf 91' lang='lat' dir='ltr'>ll.</span> <span class='ocrx_word' id='word_1_185' title='bbox 601 2600 644 2646; x_wconf 83' lang='grc' dir='ltr'><em>ξ,</em></span> <span class='ocrx_word' id='word_1_186' title='bbox 672 2605 737 2639; x_wconf 86' lang='grc'>173</span> <span class='ocrx_word' id='word_1_187' title='bbox 761 2609 828 2638; x_wconf 85' lang='lat' dir='ltr'>etc.</span> 
     </span>
    </p>

    <p class='ocr_par' dir='ltr' id='par_1_15' title="bbox 80 2646 889 3063">
     <span class='ocr_line' id='line_1_30' title="bbox 126 2646 888 2705; baseline 0.007 -25"><span class='ocrx_word' id='word_1_188' title='bbox 126 2647 274 2681; x_wconf 87' lang='grc'>7-13.</span> <span class='ocrx_word' id='word_1_189' title='bbox 321 2646 430 2681; x_wconf 76' lang='grc' dir='ltr'><em>δαῖε</em></span> <span class='ocrx_word' id='word_1_190' title='bbox 463 2647 512 2683; x_wconf 84' lang='grc' dir='ltr'>δέ</span> <span class='ocrx_word' id='word_1_191' title='bbox 543 2648 588 2684; x_wconf 74' lang='grc' dir='ltr'><em>οἱ</em></span> <span class='ocrx_word' id='word_1_192' title='bbox 609 2651 716 2693; x_wconf 81' lang='grc' dir='ltr'><em>πῦρ.</em></span> <span class='ocrx_word' id='word_1_193' title='bbox 762 2649 888 2705; x_wconf 82' lang='grc' dir='ltr'><strong><em>φωτὸς</em></strong></span> 
     </span>
     <span class='ocr_line' id='line_1_31' title="bbox 81 2689 888 2748; baseline 0.01 -24"><span class='ocrx_word' id='word_1_194' title='bbox 81 2689 209 2748; x_wconf 75' lang='grc' dir='ltr'><em>χάριν,</em></span> <span class='ocrx_word' id='word_1_195' title='bbox 234 2691 347 2747; x_wconf 78' lang='lat' dir='ltr'>inquit</span> <span class='ocrx_word' id='word_1_196' title='bbox 374 2692 417 2726; x_wconf 85' lang='grc' dir='ltr'>Ε.</span> <span class='ocrx_word' id='word_1_197' title='bbox 444 2697 481 2726; x_wconf 80' lang='lat' dir='ltr'>at</span> <span class='ocrx_word' id='word_1_198' title='bbox 505 2696 576 2728; x_wconf 88' lang='lat' dir='ltr'>Am.</span> <span class='ocrx_word' id='word_1_199' title='bbox 599 2697 662 2730; x_wconf 86' lang='grc' dir='ltr'>Β.·</span> <span class='ocrx_word' id='word_1_200' title='bbox 686 2694 772 2743; x_wconf 84' lang='grc' dir='ltr'><em>ἤτοι</em></span> <span class='ocrx_word' id='word_1_201' title='bbox 795 2693 888 2742; x_wconf 78' lang='grc' dir='ltr'><em>ἧπτε</em></span> 
     </span>
     <span class='ocr_line' id='line_1_32' title="bbox 80 2734 889 2788; baseline 0.004 -15"><span class='ocrx_word' id='word_1_202' title='bbox 80 2736 204 2782; x_wconf 76' lang='grc' dir='ltr'><em>πυρὰν</em></span> <span class='ocrx_word' id='word_1_203' title='bbox 243 2737 308 2773; x_wconf 78' lang='grc' dir='ltr'>δια</span> <span class='ocrx_word' id='word_1_204' title='bbox 343 2734 386 2774; x_wconf 77' lang='grc' dir='ltr'>τὸ</span> <span class='ocrx_word' id='word_1_205' title='bbox 419 2737 515 2774; x_wconf 81' lang='grc' dir='ltr'><em>εἶναι</em></span> <span class='ocrx_word' id='word_1_206' title='bbox 552 2744 722 2785; x_wconf 78' lang='grc' dir='ltr'><em>χειμῶνα.</em></span> <span class='ocrx_word' id='word_1_207' title='bbox 770 2747 889 2788; x_wconf 87' lang='lat' dir='ltr'>potest</span> 
     </span>
     <span class='ocr_line' id='line_1_33' title="bbox 83 2790 887 2846; baseline 0.002 -26"><span class='ocrx_word' id='word_1_208' title='bbox 83 2791 265 2829; x_wconf 83' lang='lat' dir='ltr'>utrumque</span> <span class='ocrx_word' id='word_1_209' title='bbox 295 2796 370 2840; x_wconf 85' lang='lat' dir='ltr'>per</span> <span class='ocrx_word' id='word_1_210' title='bbox 389 2796 427 2819; x_wconf 85' lang='lat' dir='ltr'>se</span> <span class='ocrx_word' id='word_1_211' title='bbox 452 2797 566 2820; x_wconf 88' lang='lat' dir='ltr'>verum</span> <span class='ocrx_word' id='word_1_212' title='bbox 591 2800 687 2830; x_wconf 86' lang='lat' dir='ltr'>esse,</span> <span class='ocrx_word' id='word_1_213' title='bbox 720 2790 887 2846; x_wconf 83' lang='lat' dir='ltr'>quemad-</span> 
     </span>
     <span class='ocr_line' id='line_1_34' title="bbox 82 2828 887 2873; baseline 0.007 -9"><span class='ocrx_word' id='word_1_214' title='bbox 82 2831 214 2866; x_wconf 88' lang='lat' dir='ltr'><strong>modum</strong></span> <span class='ocrx_word' id='word_1_215' title='bbox 233 2831 319 2865; x_wconf 81' lang='lat' dir='ltr'>dicit</span> <span class='ocrx_word' id='word_1_216' title='bbox 340 2828 381 2873; x_wconf 83' lang='grc' dir='ltr'>τ’,</span> <span class='ocrx_word' id='word_1_217' title='bbox 404 2833 473 2873; x_wconf 89' lang='grc'>63,</span> <span class='ocrx_word' id='word_1_218' title='bbox 497 2838 685 2868; x_wconf 74' lang='lat' dir='ltr'>annotante</span> <span class='ocrx_word' id='word_1_219' title='bbox 706 2836 771 2871; x_wconf 89' lang='lat' dir='ltr'>N.:</span> <span class='ocrx_word' id='word_1_220' title='bbox 797 2833 887 2871; x_wconf 83' lang='grc' dir='ltr'><em>ἅλλα</em></span> 
     </span>
     <span class='ocr_line' id='line_1_35' title="bbox 83 2874 888 2938; baseline 0.007 -27"><span class='ocrx_word' id='word_1_221' title='bbox 83 2875 123 2911; x_wconf 76' lang='grc' dir='ltr'>δ’</span> <span class='ocrx_word' id='word_1_222' title='bbox 148 2874 211 2912; x_wconf 75' lang='grc' dir='ltr'>ἐπ’</span> <span class='ocrx_word' id='word_1_223' title='bbox 229 2874 355 2913; x_wconf 83' lang='grc' dir='ltr'><em>αυτῶν</em></span> <span class='ocrx_word' id='word_1_224' title='bbox 377 2876 534 2922; x_wconf 81' lang='grc' dir='ltr'><em>Νήησαν</em></span> <span class='ocrx_word' id='word_1_225' title='bbox 554 2879 644 2922; x_wconf 79' lang='grc' dir='ltr'><em>ξύλα</em></span> <span class='ocrx_word' id='word_1_226' title='bbox 663 2880 791 2921; x_wconf 81' lang='grc' dir='ltr'><em>πολλοὶ,</em></span> <span class='ocrx_word' id='word_1_227' title='bbox 816 2880 888 2938; x_wconf 88' lang='grc' dir='ltr'>φό-</span> 
     </span>
     <span class='ocr_line' id='line_1_36' title="bbox 84 2923 887 2972; baseline 0.007 -15"><span class='ocrx_word' id='word_1_228' title='bbox 84 2935 135 2963; x_wconf 79' lang='grc' dir='ltr'>ως</span> <span class='ocrx_word' id='word_1_229' title='bbox 157 2923 252 2968; x_wconf 77' lang='grc' dir='ltr'><em>ἔμεν,</em></span> <span class='ocrx_word' id='word_1_230' title='bbox 278 2923 410 2968; x_wconf 70' lang='grc' dir='ltr'>ῆὸὲθε</span> <span class='ocrx_word' id='word_1_231' title='bbox 406 2923 559 2969; x_wconf 77' lang='grc' dir='ltr'><em>·’.ρεσθαι</em></span> <span class='ocrx_word' id='word_1_232' title='bbox 595 2927 640 2959; x_wconf 85' lang='lat' dir='ltr'>cf.</span> <span class='ocrx_word' id='word_1_233' title='bbox 662 2926 708 2969; x_wconf 83' lang='grc' dir='ltr'><em>α’,</em></span> <span class='ocrx_word' id='word_1_234' title='bbox 727 2926 807 2970; x_wconf 77' lang='grc'><em>428,</em></span> <span class='ocrx_word' id='word_1_235' title='bbox 830 2924 887 2972; x_wconf 83' lang='grc' dir='ltr'>ψ’,</span> 
     </span>
     <span class='ocr_line' id='line_1_37' title="bbox 83 2968 888 3019; baseline 0.006 -15"><span class='ocrx_word' id='word_1_236' title='bbox 83 2968 162 3005; x_wconf 81' lang='grc'>294.</span> <span class='ocrx_word' id='word_1_237' title='bbox 210 2982 327 3005; x_wconf 79' lang='lat' dir='ltr'>verum</span> <span class='ocrx_word' id='word_1_238' title='bbox 371 2973 425 3007; x_wconf 90' lang='grc'>13.</span> <span class='ocrx_word' id='word_1_239' title='bbox 469 2973 680 3017; x_wconf 77' lang='lat' dir='ltr'>comparanti</span> <span class='ocrx_word' id='word_1_240' title='bbox 718 2985 888 3019; x_wconf 80' lang='lat' dir='ltr'>apparere</span> 
     </span>
     <span class='ocr_line' id='line_1_38' title="bbox 82 3017 885 3063; baseline 0.005 -12"><span class='ocrx_word' id='word_1_241' title='bbox 82 3026 219 3052; x_wconf 72' lang='lat' dir='ltr'>neeesse</span> <span class='ocrx_word' id='word_1_242' title='bbox 239 3023 310 3060; x_wconf 79' lang='lat' dir='ltr'>est,</span> <span class='ocrx_word' id='word_1_243' title='bbox 335 3017 431 3055; x_wconf 77' lang='lat' dir='ltr'>dici·</span> <span class='ocrx_word' id='word_1_244' title='bbox 421 3030 535 3063; x_wconf 71' lang='lat' dir='ltr'>ignem</span> <span class='ocrx_word' id='word_1_245' title='bbox 554 3030 730 3055; x_wconf 77' lang='lat' dir='ltr'>accensum</span> <span class='ocrx_word' id='word_1_246' title='bbox 755 3021 789 3055; x_wconf 85' lang='lat' dir='ltr'>in</span> <span class='ocrx_word' id='word_1_247' title='bbox 807 3021 885 3057; x_wconf 81' lang='lat' dir='ltr'>foco</span> 
     </span>
    </p>
   </div>
   <div class='ocr_carea' id='block_1_13' title="bbox 928 2001 1752 3065">
    <p class='ocr_par' dir='ltr' id='par_1_16' title="bbox 931 2001 1752 2975">
     <span class='ocr_line' id='line_1_39' title="bbox 931 2001 1751 2048; baseline 0.001 -11"><span class='ocrx_word' id='word_1_248' title='bbox 931 2002 1073 2037; x_wconf 79' lang='lat' dir='ltr'>thalami</span> <span class='ocrx_word' id='word_1_249' title='bbox 1093 2001 1136 2037; x_wconf 88' lang='lat' dir='ltr'>ad</span> <span class='ocrx_word' id='word_1_250' title='bbox 1157 2003 1345 2047; x_wconf 84' lang='lat' dir='ltr'>parandam</span> <span class='ocrx_word' id='word_1_251' title='bbox 1362 2003 1493 2048; x_wconf 84' lang='lat' dir='ltr'>virgini</span> <span class='ocrx_word' id='word_1_252' title='bbox 1517 2014 1682 2045; x_wconf 83' lang='lat' dir='ltr'>seorsum,</span> <span class='ocrx_word' id='word_1_253' title='bbox 1706 2016 1751 2038; x_wconf 86' lang='lat' dir='ltr'>ex</span> 
     </span>
     <span class='ocr_line' id='line_1_40' title="bbox 933 2051 1750 2094; baseline 0 -10"><span class='ocrx_word' id='word_1_254' title='bbox 933 2061 1047 2090; x_wconf 86' lang='lat' dir='ltr'>more,</span> <span class='ocrx_word' id='word_1_255' title='bbox 1073 2061 1224 2083; x_wconf 83' lang='lat' dir='ltr'>coenam.</span> <span class='ocrx_word' id='word_1_256' title='bbox 1268 2057 1422 2086; x_wconf 85' lang='lat' dir='ltr'>ceterum</span> <span class='ocrx_word' id='word_1_257' title='bbox 1447 2051 1512 2085; x_wconf 87' lang='lat' dir='ltr'>hae</span> <span class='ocrx_word' id='word_1_258' title='bbox 1537 2061 1596 2084; x_wconf 85' lang='lat' dir='ltr'>res</span> <span class='ocrx_word' id='word_1_259' title='bbox 1619 2062 1750 2094; x_wconf 84' lang='lat' dir='ltr'>gerun-</span> 
     </span>
     <span class='ocr_line' id='line_1_41' title="bbox 934 2097 1748 2138; baseline 0 -9"><span class='ocrx_word' id='word_1_260' title='bbox 934 2100 992 2129; x_wconf 85' lang='lat' dir='ltr'>tur</span> <span class='ocrx_word' id='word_1_261' title='bbox 1008 2101 1141 2129; x_wconf 79' lang='lat' dir='ltr'>aestate</span> <span class='ocrx_word' id='word_1_262' title='bbox 1157 2107 1295 2138; x_wconf 81' lang='lat' dir='ltr'>summa,</span> <span class='ocrx_word' id='word_1_263' title='bbox 1317 2097 1373 2130; x_wconf 86' lang='lat' dir='ltr'>vel</span> <span class='ocrx_word' id='word_1_264' title='bbox 1389 2102 1587 2131; x_wconf 76' lang='lat' dir='ltr'>auctumno.</span> <span class='ocrx_word' id='word_1_265' title='bbox 1613 2108 1648 2131; x_wconf 79' lang='lat' dir='ltr'>v.</span> <span class='ocrx_word' id='word_1_266' title='bbox 1668 2108 1748 2131; x_wconf 76' lang='lat' dir='ltr'>ami.</span> 
     </span>
     <span class='ocr_line' id='line_1_42' title="bbox 930 2139 1750 2200; baseline 0.001 -25.006"><span class='ocrx_word' id='word_1_267' title='bbox 930 2139 1045 2200; x_wconf 53' lang='grc' dir='ltr'><em>Ράζ,</em></span> <span class='ocrx_word' id='word_1_268' title='bbox 1064 2143 1120 2176; x_wconf 76' lang='grc'>52.</span> <span class='ocrx_word' id='word_1_269' title='bbox 1140 2161 1186 2165; x_wconf 92' lang='grc'>--</span> <span class='ocrx_word' id='word_1_270' title='bbox 1217 2141 1482 2188; x_wconf 79' lang='grc' dir='ltr'><em>Ἀπειραίη,</em></span> <span class='ocrx_word' id='word_1_271' title='bbox 1507 2144 1678 2186; x_wconf 56' lang='lat' dir='ltr'>Althaea,</span> <span class='ocrx_word' id='word_1_272' title='bbox 1704 2144 1750 2176; x_wconf 80' lang='lat' dir='ltr'>ab</span> 
     </span>
     <span class='ocr_line' id='line_1_43' title="bbox 930 2186 1750 2244; baseline -0.001 -20.994"><span class='ocrx_word' id='word_1_273' title='bbox 930 2186 1073 2231; x_wconf 82' lang='grc' dir='ltr'><em>Ἀπείρῃ</em></span> <span class='ocrx_word' id='word_1_274' title='bbox 1096 2186 1263 2243; x_wconf 79' lang='lat' dir='ltr'>oriunda,</span> <span class='ocrx_word' id='word_1_275' title='bbox 1295 2190 1387 2244; x_wconf 87' lang='lat' dir='ltr'>quod</span> <span class='ocrx_word' id='word_1_276' title='bbox 1413 2194 1529 2227; x_wconf 80' lang='lat' dir='ltr'>terrae</span> <span class='ocrx_word' id='word_1_277' title='bbox 1553 2201 1674 2242; x_wconf 75' lang='lat' dir='ltr'>nomen</span> <span class='ocrx_word' id='word_1_278' title='bbox 1699 2189 1750 2222; x_wconf 85' lang='lat' dir='ltr'>si-</span> 
     </span>
     <span class='ocr_line' id='line_1_44' title="bbox 935 2231 1751 2279; baseline -0.002 -9"><span class='ocrx_word' id='word_1_279' title='bbox 935 2234 1015 2270; x_wconf 86' lang='lat' dir='ltr'>mile</span> <span class='ocrx_word' id='word_1_280' title='bbox 1039 2238 1093 2267; x_wconf 80' lang='lat' dir='ltr'>est</span> <span class='ocrx_word' id='word_1_281' title='bbox 1109 2231 1300 2279; x_wconf 74' lang='grc' dir='ltr'><em>Τπερειης</em></span> <span class='ocrx_word' id='word_1_282' title='bbox 1323 2234 1366 2277; x_wconf 78' lang='grc' dir='ltr'>ζ’,</span> <span class='ocrx_word' id='word_1_283' title='bbox 1384 2236 1419 2271; x_wconf 85' lang='grc'>4.</span> <span class='ocrx_word' id='word_1_284' title='bbox 1451 2240 1552 2270; x_wconf 77' lang='lat' dir='ltr'>sonat</span> <span class='ocrx_word' id='word_1_285' title='bbox 1572 2235 1661 2269; x_wconf 85' lang='lat' dir='ltr'>enim</span> <span class='ocrx_word' id='word_1_286' title='bbox 1680 2245 1751 2269; x_wconf 85' lang='lat' dir='ltr'>vox</span> 
     </span>
     <span class='ocr_line' id='line_1_45' title="bbox 928 2261 1750 2325; baseline -0.001 -8.991"><span class='ocrx_word' id='word_1_287' title='bbox 928 2279 1073 2323; x_wconf 85' lang='grc' dir='ltr'><em>Ἀπείρη</em></span> <span class='ocrx_word' id='word_1_288' title='bbox 1098 2286 1225 2314; x_wconf 84' lang='lat' dir='ltr'>terram</span> <span class='ocrx_word' id='word_1_289' title='bbox 1249 2261 1429 2323; x_wconf 67' lang='lat' dir='ltr'>infinit’am,</span> <span class='ocrx_word' id='word_1_290' title='bbox 1454 2282 1550 2325; x_wconf 87' lang='lat' dir='ltr'>cujus</span> <span class='ocrx_word' id='word_1_291' title='bbox 1570 2293 1668 2316; x_wconf 82' lang='lat' dir='ltr'>nemo</span> <span class='ocrx_word' id='word_1_292' title='bbox 1685 2292 1750 2315; x_wconf 82' lang='lat' dir='ltr'>no-</span> 
     </span>
     <span class='ocr_line' id='line_1_46' title="bbox 933 2326 1750 2372; baseline -0.002 -11"><span class='ocrx_word' id='word_1_293' title='bbox 933 2327 986 2361; x_wconf 76' lang='lat' dir='ltr'>vit</span> <span class='ocrx_word' id='word_1_294' title='bbox 1017 2326 1165 2367; x_wconf 87' lang='lat' dir='ltr'>limites;</span> <span class='ocrx_word' id='word_1_295' title='bbox 1200 2338 1314 2372; x_wconf 84' lang='lat' dir='ltr'>nequo</span> <span class='ocrx_word' id='word_1_296' title='bbox 1345 2333 1424 2364; x_wconf 69' lang='lat' dir='ltr'>sunt</span> <span class='ocrx_word' id='word_1_297' title='bbox 1459 2327 1644 2368; x_wconf 85' lang='lat' dir='ltr'>audiendi,</span> <span class='ocrx_word' id='word_1_298' title='bbox 1689 2326 1750 2371; x_wconf 87' lang='lat' dir='ltr'>qui</span> 
     </span>
     <span class='ocr_line' id='line_1_47' title="bbox 934 2372 1751 2418; baseline 0 -11"><span class='ocrx_word' id='word_1_299' title='bbox 934 2372 1080 2417; x_wconf 87' lang='lat' dir='ltr'>Epirum</span> <span class='ocrx_word' id='word_1_300' title='bbox 1105 2372 1271 2416; x_wconf 80' lang='lat' dir='ltr'>cogitant,</span> <span class='ocrx_word' id='word_1_301' title='bbox 1297 2385 1364 2418; x_wconf 89' lang='lat' dir='ltr'>quo</span> <span class='ocrx_word' id='word_1_302' title='bbox 1387 2373 1606 2409; x_wconf 85' lang='lat' dir='ltr'>verisimilius</span> <span class='ocrx_word' id='word_1_303' title='bbox 1628 2373 1751 2407; x_wconf 74' lang='lat' dir='ltr'>videa-</span> 
     </span>
     <span class='ocr_line' id='line_1_48' title="bbox 934 2419 1751 2464; baseline 0 -11"><span class='ocrx_word' id='word_1_304' title='bbox 934 2426 1013 2460; x_wconf 77' lang='lat' dir='ltr'>tur,</span> <span class='ocrx_word' id='word_1_305' title='bbox 1047 2419 1253 2453; x_wconf 79' lang='lat' dir='ltr'>Phaeaciam</span> <span class='ocrx_word' id='word_1_306' title='bbox 1277 2420 1533 2464; x_wconf 82' lang='lat' dir='ltr'>intelligendam</span> <span class='ocrx_word' id='word_1_307' title='bbox 1559 2431 1635 2454; x_wconf 81' lang='lat' dir='ltr'>esse</span> <span class='ocrx_word' id='word_1_308' title='bbox 1659 2419 1751 2453; x_wconf 84' lang='lat' dir='ltr'>Cor-</span> 
     </span>
     <span class='ocr_line' id='line_1_49' title="bbox 935 2463 1751 2522; baseline 0.002 -23"><span class='ocrx_word' id='word_1_309' title='bbox 935 2476 1062 2508; x_wconf 80' lang='lat' dir='ltr'>cyram,</span> <span class='ocrx_word' id='word_1_310' title='bbox 1088 2465 1228 2508; x_wconf 86' lang='lat' dir='ltr'>explosa</span> <span class='ocrx_word' id='word_1_311' title='bbox 1247 2466 1348 2501; x_wconf 85' lang='lat' dir='ltr'>hodie</span> <span class='ocrx_word' id='word_1_312' title='bbox 1371 2466 1556 2501; x_wconf 83' lang='lat' dir='ltr'>sententia.</span> <span class='ocrx_word' id='word_1_313' title='bbox 1586 2463 1751 2522; x_wconf 78' lang='grc' dir='ltr'><em>ἤπειρον</em></span> 
     </span>
     <span class='ocr_line' id='line_1_50' title="bbox 934 2509 1751 2557; baseline 0.004 -12"><span class='ocrx_word' id='word_1_314' title='bbox 934 2512 1035 2546; x_wconf 75' lang='lat' dir='ltr'>Hom.</span> <span class='ocrx_word' id='word_1_315' title='bbox 1067 2509 1155 2544; x_wconf 79' lang='lat' dir='ltr'>dicit</span> <span class='ocrx_word' id='word_1_316' title='bbox 1188 2513 1438 2557; x_wconf 73' lang='lat' dir='ltr'>continentem,</span> <span class='ocrx_word' id='word_1_317' title='bbox 1474 2523 1542 2546; x_wconf 90' lang='lat' dir='ltr'>non</span> <span class='ocrx_word' id='word_1_318' title='bbox 1577 2523 1751 2556; x_wconf 77' lang='grc' dir='ltr'><em>απειρον,</em></span> 
     </span>
     <span class='ocr_line' id='line_1_51' title="bbox 933 2553 1750 2612; baseline 0.004 -21"><span class='ocrx_word' id='word_1_319' title='bbox 933 2558 1010 2592; x_wconf 86' lang='lat' dir='ltr'>sive</span> <span class='ocrx_word' id='word_1_320' title='bbox 1044 2553 1214 2610; x_wconf 78' lang='grc' dir='ltr'><em>ᾆπείρην.</em></span> <span class='ocrx_word' id='word_1_321' title='bbox 1254 2570 1288 2593; x_wconf 87' lang='lat' dir='ltr'>v</span> <span class='ocrx_word' id='word_1_322' title='bbox 1314 2559 1362 2592; x_wconf 91' lang='lat' dir='ltr'>N.</span> <span class='ocrx_word' id='word_1_323' title='bbox 1381 2579 1424 2585; x_wconf 94' lang='lat'><strong>—</strong></span> <span class='ocrx_word' id='word_1_324' title='bbox 1474 2560 1562 2602; x_wconf 87' lang='lat' dir='ltr'>Ap..</span> <span class='ocrx_word' id='word_1_325' title='bbox 1595 2560 1750 2612; x_wconf 58' lang='grc' dir='ltr'><em>θάλα-</em></span> 
     </span>
     <span class='ocr_line' id='line_1_52' title="bbox 932 2601 1752 2660; baseline 0.006 -23"><span class='ocrx_word' id='word_1_326' title='bbox 932 2602 1164 2649; x_wconf 84' lang='grc' dir='ltr'><em>μηπόλος.</em></span> <span class='ocrx_word' id='word_1_327' title='bbox 1196 2601 1270 2647; x_wconf 85' lang='grc' dir='ltr'><em>(ψ’,</em></span> <span class='ocrx_word' id='word_1_328' title='bbox 1294 2605 1401 2648; x_wconf 77' lang='lat'><strong>293.)</strong></span> <span class='ocrx_word' id='word_1_329' title='bbox 1422 2601 1452 2660; x_wconf 84' lang='grc' dir='ltr'><strong><em>ἡ</em></strong></span> <span class='ocrx_word' id='word_1_330' title='bbox 1472 2603 1556 2649; x_wconf 84' lang='grc' dir='ltr'><em>περὶ</em></span> <span class='ocrx_word' id='word_1_331' title='bbox 1579 2603 1648 2640; x_wconf 80' lang='grc' dir='ltr'>τὸν</span> <span class='ocrx_word' id='word_1_332' title='bbox 1671 2602 1752 2642; x_wconf 75' lang='grc' dir='ltr'>θοὶ-</span> 
     </span>
     <span class='ocr_line' id='line_1_53' title="bbox 933 2648 1749 2696; baseline 0.004 -12"><span class='ocrx_word' id='word_1_333' title='bbox 933 2653 1051 2693; x_wconf 84' lang='grc' dir='ltr'><em>λαμον</em></span> <span class='ocrx_word' id='word_1_334' title='bbox 1072 2651 1296 2695; x_wconf 81' lang='grc' dir='ltr'><em>πολουμένη,</em></span> <span class='ocrx_word' id='word_1_335' title='bbox 1321 2649 1405 2694; x_wconf 81' lang='grc' dir='ltr'><em>ἤτοι</em></span> <span class='ocrx_word' id='word_1_336' title='bbox 1429 2648 1749 2696; x_wconf 77' lang='grc' dir='ltr'><em>ἀναστρεφομένη.</em></span> 
     </span>
     <span class='ocr_line' id='line_1_54' title="bbox 934 2697 1750 2742; baseline 0.002 -12"><span class='ocrx_word' id='word_1_337' title='bbox 934 2697 1168 2739; x_wconf 82' lang='lat' dir='ltr'>cubicularia,</span> <span class='ocrx_word' id='word_1_338' title='bbox 1203 2697 1264 2730; x_wconf 86' lang='lat' dir='ltr'>sed</span> <span class='ocrx_word' id='word_1_339' title='bbox 1297 2698 1413 2732; x_wconf 84' lang='lat' dir='ltr'>eadem</span> <span class='ocrx_word' id='word_1_340' title='bbox 1443 2697 1562 2731; x_wconf 87' lang='lat' dir='ltr'>nutrix</span> <span class='ocrx_word' id='word_1_341' title='bbox 1587 2697 1750 2742; x_wconf 75' lang='lat' dir='ltr'>virginis,</span> 
     </span>
     <span class='ocr_line' id='line_1_55' title="bbox 934 2743 1749 2789; baseline 0.002 -12"><span class='ocrx_word' id='word_1_342' title='bbox 934 2755 1021 2788; x_wconf 82' lang='lat' dir='ltr'>quas</span> <span class='ocrx_word' id='word_1_343' title='bbox 1047 2743 1226 2785; x_wconf 77' lang='lat' dir='ltr'>mulieres,</span> <span class='ocrx_word' id='word_1_344' title='bbox 1258 2743 1416 2776; x_wconf 78' lang='lat' dir='ltr'>addictas</span> <span class='ocrx_word' id='word_1_345' title='bbox 1441 2743 1599 2785; x_wconf 76' lang='lat' dir='ltr'>familiis,</span> <span class='ocrx_word' id='word_1_346' title='bbox 1633 2745 1749 2789; x_wconf 85' lang='lat' dir='ltr'>magni</span> 
     </span>
     <span class='ocr_line' id='line_1_56' title="bbox 933 2789 1748 2834; baseline 0.004 -11"><span class='ocrx_word' id='word_1_347' title='bbox 933 2801 1069 2834; x_wconf 82' lang='lat' dir='ltr'>semper</span> <span class='ocrx_word' id='word_1_348' title='bbox 1104 2789 1259 2822; x_wconf 84' lang='lat' dir='ltr'>fecerunt</span> <span class='ocrx_word' id='word_1_349' title='bbox 1284 2789 1426 2823; x_wconf 84' lang='lat' dir='ltr'>Graeci.</span> <span class='ocrx_word' id='word_1_350' title='bbox 1474 2802 1543 2831; x_wconf 86' lang='lat' dir='ltr'><strong>‚‚v.</strong></span> <span class='ocrx_word' id='word_1_351' title='bbox 1578 2791 1748 2826; x_wconf 82' lang='lat' dir='ltr'>nutricem</span> 
     </span>
     <span class='ocr_line' id='line_1_57' title="bbox 933 2835 1747 2883; baseline 0.003 -14"><span class='ocrx_word' id='word_1_352' title='bbox 933 2835 1109 2880; x_wconf 79' lang='lat' dir='ltr'>egregiam</span> <span class='ocrx_word' id='word_1_353' title='bbox 1125 2847 1178 2879; x_wconf 81' lang='lat' dir='ltr'>ap.</span> <span class='ocrx_word' id='word_1_354' title='bbox 1195 2835 1397 2877; x_wconf 80' lang='lat' dir='ltr'>Aeschylum</span> <span class='ocrx_word' id='word_1_355' title='bbox 1409 2835 1494 2869; x_wconf 80' lang='lat' dir='ltr'>Cho</span> <span class='ocrx_word' id='word_1_356' title='bbox 1508 2837 1577 2871; x_wconf 86' lang='lat'>690</span> <span class='ocrx_word' id='word_1_357' title='bbox 1596 2841 1631 2869; x_wconf 90' lang='lat' dir='ltr'>et</span> <span class='ocrx_word' id='word_1_358' title='bbox 1647 2848 1747 2883; x_wconf 83' lang='lat' dir='ltr'>seqq.</span> 
     </span>
     <span class='ocr_line' id='line_1_58' title="bbox 934 2880 1745 2926; baseline 0.003 -10"><span class='ocrx_word' id='word_1_359' title='bbox 934 2882 977 2916; x_wconf 86' lang='lat' dir='ltr'>de</span> <span class='ocrx_word' id='word_1_360' title='bbox 1002 2880 1217 2924; x_wconf 63' lang='lat' dir='ltr'>heograecis</span> <span class='ocrx_word' id='word_1_361' title='bbox 1251 2881 1357 2924; x_wconf 78' lang='lat' dir='ltr'>legito</span> <span class='ocrx_word' id='word_1_362' title='bbox 1382 2881 1549 2926; x_wconf 82' lang='lat' dir='ltr'>Guysium</span> <span class='ocrx_word' id='word_1_363' title='bbox 1575 2882 1745 2918; x_wconf 71' lang='lat' dir='ltr'>Litterar.</span> 
     </span>
     <span class='ocr_line' id='line_1_59' title="bbox 934 2927 1745 2975; baseline 0.003 -13"><span class='ocrx_word' id='word_1_364' title='bbox 934 2929 1037 2962; x_wconf 80' lang='lat' dir='ltr'>Reise</span> <span class='ocrx_word' id='word_1_365' title='bbox 1061 2927 1170 2960; x_wconf 77' lang='lat' dir='ltr'>durch</span> <span class='ocrx_word' id='word_1_366' title='bbox 1197 2927 1334 2961; x_wconf 72' lang='lat' dir='ltr'>Grieclz</span> <span class='ocrx_word' id='word_1_367' title='bbox 1361 2931 1392 2964; x_wconf 86' lang='lat'>1.</span> <span class='ocrx_word' id='word_1_368' title='bbox 1486 2927 1543 2963; x_wconf 88' lang='grc'>44.</span> <span class='ocrx_word' id='word_1_369' title='bbox 1569 2932 1605 2963; x_wconf 82' lang='lat' dir='ltr'>et</span> <span class='ocrx_word' id='word_1_370' title='bbox 1629 2940 1745 2975; x_wconf 62' lang='lat' dir='ltr'>seqq„</span> 
     </span>
    </p>

    <p class='ocr_par' dir='ltr' id='par_1_17' title="bbox 934 2971 1745 3065">
     <span class='ocr_line' id='line_1_60' title="bbox 934 2971 1745 3019; baseline 0.005 -12"><span class='ocrx_word' id='word_1_371' title='bbox 934 2974 991 3019; x_wconf 83' lang='lat' dir='ltr'>qui</span> <span class='ocrx_word' id='word_1_372' title='bbox 1018 2971 1204 3016; x_wconf 81' lang='lat' dir='ltr'>adscripsit</span> <span class='ocrx_word' id='word_1_373' title='bbox 1238 2977 1275 3006; x_wconf 88' lang='lat' dir='ltr'>et</span> <span class='ocrx_word' id='word_1_374' title='bbox 1308 2973 1368 3007; x_wconf 91' lang='lat' dir='ltr'>illa</span> <span class='ocrx_word' id='word_1_375' title='bbox 1388 2973 1497 3008; x_wconf 81' lang='lat' dir='ltr'>Mosis</span> <span class='ocrx_word' id='word_1_376' title='bbox 1529 2975 1657 3010; x_wconf 72' lang='lat' dir='ltr'>Genea.</span> <span class='ocrx_word' id='word_1_377' title='bbox 1686 2975 1745 3019; x_wconf 78' lang='lat'>24,</span> 
     </span>
     <span class='ocr_line' id='line_1_61' title="bbox 935 3020 1744 3065; baseline 0.005 -12"><span class='ocrx_word' id='word_1_378' title='bbox 935 3024 1011 3057; x_wconf 77' lang='lat'><strong>59.-</strong></span> <span class='ocrx_word' id='word_1_379' title='bbox 1045 3020 1257 3055; x_wconf 76' lang='lat' dir='ltr'>dimittentes</span> <span class='ocrx_word' id='word_1_380' title='bbox 1291 3020 1409 3065; x_wconf 78' lang='lat' dir='ltr'>itaque</span> <span class='ocrx_word' id='word_1_381' title='bbox 1434 3021 1624 3056; x_wconf 56' lang='lat' dir='ltr'>let-beccam</span> <span class='ocrx_word' id='word_1_382' title='bbox 1647 3033 1744 3057; x_wconf 77' lang='lat' dir='ltr'>soro-</span> 
     </span>
    </p>
   </div>
  </div>
 </body>
</html>
