1846 3282
534 105 1120 178 0³AY232E1A2:
1180 138 1226 176 E.

1631 140 1712 178 169

228 246 306 297 ἕως
336 262 412 312 μιν
441 246 488 289 έν
515 245 720 301 Ὀρτυγίη
750 243 1055 316 χρυσόθρονος
1072 242 1270 298 ”Αρτεμις
1299 244 1409 299 ἁγνὴ

227 306 294 353 οἱς
324 303 505 356 ἀγανοῖς
535 302 752 355 βελέεσσιν
781 301 1038 357 ἐποιχομένη
1067 301 1356 354 κατέπεφνεν·

120 363 196 404 125

230 376 288 409 ως
319 359 386 412 δ’,
422 357 551 402 ὁπότ’
584 357 766 402 Ἰασίωνι
795 358 1068 425 ἐϋπλόκαμος
1097 355 1323 427 Δημήτηρ,

230 417 263 471 ῴ
293 418 427 471 θυμῷ
456 417 624 468 εἴξασα,
655 417 760 485 μίγη
788 413 986 484 φιλότητι
1014 414 1087 457 καὶ
1116 412 1241 470 εὐνῇ,

229 475 330 527 νειῷ
361 472 426 515 ἔνι
454 472 675 541 τριπόλῳ,
707 470 811 514 οὐδε
840 470 919 524 δὴν
949 473 1046 541 wjev’
1056 469 1249 519 ἄπυστος

231 517 362 578 Ζεῧς,
395 527 443 577 ὅς
473 545 548 583 μιν
576 527 816 582 κατέπεφνε
844 528 991 581 βαλών
1022 525 1175 581 ἀργῆτι
1203 529 1420 581 κεραυνῷ.

229 583 287 634 ὠς
318 583 361 628 6⁷
394 586 450 627 αὐ
480 590 566 628 νῦν
594 600 670 638 μοι
700 584 754 638 ἄ)
744 589 888 634 ασθε,

917 584 1034 636 θεοὶ,
1075 583 1235 638 βροτὸν
1266 582 1411 638 ἄνδρα
1440 586 1658 636 παρεῖναι,

120 646 199 686 130
228 642 306 702 τρν
332 641 412 696 μὲν
441 641 550 695 ἐγών
579 639 750 683 ἐσάωσα
779 641 879 708 περὶ
908 641 1086 693 τρόπιος
1118 642 1316 695 βεβαῶτα

228 695 348 748 οἷον,
378 698 468 740 ἐπεὶ
497 699 541 741 οἱ
567 700 651 752 νῆα
681 696 799 752 θοην
830 697 984 752 ἀργῆτι
1013 712 1212 765 κεραυνῳ

231 755 339 804 Ζεὺς
371 754 495 804 ε’λσας
525 754 700 796 ἐκέασσε
732 753 846 823 μέσῳ
876 753 940 796 ἐνὶ
971 755 1120 796 οἴνοπι
1149 751 1317 806 πόντῳ·

231 809 326 854 ε’ν’θ
359 809 482 853 ἄλλοι
511 809 590 865 μὲν
620 810 778 860 πάντες
808 809 1060 864 ἀπέφθιθεν
1089 809 1241 852 ἐσθλοὶ
1271 808 1446 861 εταῖροι,

228 867 308 910 τόν
337 864 382 910 δ’
411 865 498 937 ἄρα
527 865 649 918 δεῦρ’
683 866 843 921 ἄνεμός
875 883 919 909 τε
949 867 1097 922 φέρων
1126 866 1200 909 καὶ
1230 869 1348 919 κῦμα
1377 863 1575 907 πέλασσε.

123 928 201 969 135
231 923 307 966 τὸν
335 939 414 977 μεν
442 923 523 977 ἐγώ
554 923 708 977 φίλεόν
737 939 781 966 τε
811 924 883 966 καὶ
915 923 1126 994 ἔτρεφον,
1161 920 1240 990 ἥδε
1269 921 1464 976 ἔφασκον

195 978 387 1036 θήσειν
420 979 649 1024 ἀθάνατον
677 980 751 1023 καὶ
780 977 975 1037 ἀγήραον
1008 979 1151 1037 ἤματα
1179 977 1333 1022 πάντα.

109 1117 317 1151 126-135.
367 1115 445 1158 οἷς
475 1137 520 1142 -
560 1117 865 1162 κατέπεφνεν.

61 1162 229 1196 indicatur
252 1175 340 1196 mors
364 1165 500 1204 subita,
537 1175 646 1209 neque
671 1177 713 1198 ex
738 1166 866 1205 morb0‚

63 1219 163 1252 quam
187 1208 335 1253 Apollini
359 1210 414 1244 vel
435 1209 566 1243 Dianae
583 1211 793 1246 tribuebant.
831 1222 865 1244 v

62 1265 141 1287 ann.
165 1254 209 1287 ad
235 1254 281 1295 δ’,
302 1255 381 1290 279.
408 1261 444 1289 et
465 1255 504 1288 ll.
532 1254 584 1295 ω’,
602 1257 680 1290 758.
715 1257 780 1289 hoc
798 1256 866 1299 igi-

63 1307 121 1333 tur
145 1299 229 1333 dicit
254 1304 376 1344 poeta,
401 1301 485 1334 deos
510 1301 650 1335 Orionis
674 1302 760 1335 sorti
785 1303 867 1335 bea-

64 1352 122 1379 tae
145 1346 310 1379 invidisse
335 1358 396 1391 per
418 1353 525 1380 totam
550 1348 621 1391 ejus
646 1347 772 1388 vitam,
806 1347 867 1381 do-

65 1403 129 1424 nec
147 1392 240 1425 senio
260 1394 434 1426 consectus
451 1393 586 1426 obierit.
612 1393 776 1426 mirantur
792 1393 870 1437 qui-

63 1437 140 1471 dem
164 1438 395 1479 Scholiastae,
419 1437 526 1472 virum
548 1450 615 1472 non
639 1440 680 1472 ab
703 1439 870 1483 Apolline,

66 1484 128 1517 sed
153 1495 173 1517 a
192 1483 301 1518 Diana
320 1484 493 1524 interfic‘13
520 1496 636 1518 verum
658 1485 796 1529 requiro
817 1486 868 1518 lo-

67 1540 164 1570 cum,
192 1530 227 1562 in
251 1541 318 1573 quo
342 1529 377 1562 id
403 1530 530 1563 diserte
554 1531 678 1563 dictum
702 1531 768 1570 sit,
801 1530 868 1563 isto

64 1575 164 1609 modo
190 1575 375 1620 Apollinem
405 1576 499 1608 viros
523 1580 672 1616 tantum,
707 1576 869 1609 feminas-

66 1632 133 1665 que
163 1621 307 1655 Dianam
338 1621 533 1656 interficere
566 1621 715 1654 creditos
749 1622 869 1654 fuisse.

65 1666 131 1700 imo
153 1663 341 1712 promiscue
361 1666 410 1700 illi
431 1667 590 1700 occidunt
609 1674 789 1712 utrumque
807 1679 872 1712 ge-

67 1723 142 1746 nuS.
187 1724 262 1746 nam
287 1712 378 1758 quod
397 1713 558 1747 Orionem
582 1714 729 1747 occisum
755 1713 874 1746 dicunt

66 1770 88 1792 a
111 1759 221 1793 Diana
253 1759 366 1816 iratq,
398 1759 543 1793 alienum
575 1766 650 1801 est,
683 1771 796 1804 neque
827 1760 872 1793 ad

66 1805 150 1838 iram
173 1802 306 1838 faciunt
317 1803 444 1862 αγανὰ
466 1805 580 1851 βέὶμεα
600 1826 644 1830 -
669 1806 873 1863 τΑι11.ίὶ.ε1;

66 1850 115 1884 H.
125 1862 135 1884 ε
159 1849 217 1891 ὡς
241 1849 280 1886 δ’
307 1847 372 1886 ὄπ.
393 1849 613 1887 Ἰασίωνι.
639 1847 749 1891 οὗτος
771 1851 872 1894 Κρης

67 1895 112 1930 τό
135 1896 261 1939 γένος,
296 1896 460 1941 Κράτεος
484 1899 602 1942 (hujus
625 1898 699 1932 loco
725 1898 872 1933 Minoem

69 1942 187 1987 prodit
213 1922 327 1976 Sc’hol.
361 1944 510 1978 Theocr.
542 1946 587 1987 3,
614 1945 669 1979 50
718 1946 763 1980 cf.
788 1945 872 1978 Hel-

69 1988 171 2023 lanic.
204 1989 250 2023 fr.
276 1992 353 2024 100.
387 1990 441 2023 ed.
476 1991 592 2025 sturz.
619 1991 750 2025 Buttm.
758 1992 775 2034 )
809 1990 871 2026 καὶ

72 2035 231 2077 Φρονίας
257 2034 359 2076 υἱός,
384 2033 433 2076 069
456 2035 496 2071 δὲ
517 2033 750 2078 Ελλοὶνικος,
770 2035 872 2072 Ἠλέ-

68 2093 180 2125 κτρας
211 2094 244 2118 κ.
269 2082 360 2122 Διός
394 2082 547 2127 [υἱός]·
582 2082 674 2127 παρ’
710 2079 737 2129 ᾧ
769 2082 872 2141 μόνῳ

69 2128 160 2172 μετὰ
183 2126 249 2163 τὸν
272 2129 527 2173 κατακλυσμὸν
551 2128 690 2185 εὑρέθη
716 2130 872 2173 σπέρμα-

42 2193 53 2201 ·
71 2186 128 2208 τα.
167 2171 212 2209 οὗ
237 2175 298 2210 καὶ
323 2174 519 2220 Δήμητρος
543 2173 562 2212 6
590 2179 757 2216 Πλοῦτος
779 2175 871 2211 κατὰ

66 2217 239 2257 Ησιόὂον
268 2222 429 2277 (Theog.
461 2225 549 2264 696,
581 2226 659 2258 970.
672 2225 711 2267 )=
750 2223 873 2258 πάντα

69 2265 140 2311 γὰρ
175 2268 276 2302 ἰᾶται
316 2265 335 2302 ὁ
373 2270 540 2309 πλοῦτος.
587 2269 646 2303 alii
680 2270 801 2303 aliter:
840 2282 876 2303 v.

72 2312 229 2357 Apollod.
262 2315 303 2354 3,
337 2315 401 2353 12,
436 2319 466 2350 1.
480 2340 490 2357 ,
526 2316 653 2360 Hygin.
690 2316 761 2348 fib.
794 2318 874 2357 970,

74 2358 178 2392 Diod.
202 2359 272 2392 Sic.
300 2360 340 2402 5,
362 2361 407 2394 48
433 2367 468 2395 et
492 2364 568 2401 49„
594 2363 694 2395 Serv.
711 2362 754 2395 ad
777 2363 873 2405 Σίνις.

76 2406 158 2438 Aen.
191 2405 342 2445 3‚168.
372 2407 519 2441 Hoeckii
543 2388 654 2442 I'srcta
680 2411 709 2442 1.
735 2419 768 2452 p.
794 2410 876 2443 330.

73 2456 110 2484 et
133 2461 250 2494 seqq,
274 2451 434 2486 Lobeckii
460 2455 631 2498 Aglaoph.
657 2466 692 2498 p.
713 2456 875 2489 1222.—

73 2499 146 2531 Am.
172 2496 199 2529 B
234 2497 354 2530 etna
381 2494 570 2547 ᾦθυμῷ
594 2501 771 2542 εἴξασα.
807 2498 875 2535 οιίι

71 2539 273 2577 ἀντιστᾶσα
295 2543 340 2587 τῇ
363 2533 565 2598 ἐπιθυμίᾳ,
596 2544 658 2581 εἴη.
663 2546 687 2581 ὰ
710 2549 875 2582 πεισθεῖ-

72 2600 130 2630 σα,
144 2589 207 2623 και
223 2583 505 2646 ὑποχωρήσασα.
517 2612 562 2617 -
585 2595 705 2639 νειῷ
727 2592 781 2635 θ’,
798 2594 875 2632 124,

71 2635 110 2668 ll.
138 2634 191 2679 β’,
212 2635 302 2675 353,
332 2634 382 2677 ν’,
412 2639 480 2673 703
501 2642 567 2672 etc.
594 2657 640 2664 —
682 2642 752 2673 Am.
779 2640 818 2674 B.
841 2646 875 2672 et

70 2682 175 2715 Scha
199 2680 418 2736 τριπόλῳ.
444 2684 499 2726 (ΙΙ.
517 2682 558 2725 σ’,
579 2686 736 2741 542.)-
763 2684 876 2720 ἄπυ-

71 2737 190 2768 στος.
225 2726 278 2768 ῥ’,
305 2729 386 2763 675.
406 2749 449 2754 -
493 2731 562 2763 Αιιι.
587 2732 650 2767 E.:
687 2730 873 2775 α’ργῆτι

69 2774 207 2832 τΜαχέως
231 2774 476 2830 ὄιικνουμένφ
503 2774 565 2809 διὰ
588 2777 804 2823 λεπτότητα.
830 2796 875 2802 --

71 2816 130 2860 ὃς
157 2818 193 2854 δ’
224 2817 293 2855 αὖ.
337 2821 446 2855 minus
476 2822 710 2865 significanter
740 2825 876 2870 priscae

72 2865 172 2900 edd..
199 2864 250 2906 ὥς
274 2863 312 2900 δ’
339 2881 410 2901 αυτ
436 2878 510 2900 nam
529 2875 704 2912 postquam
722 2871 876 2924 exempla

73 2911 210 2946 dearum
226 2913 365 2947 istarum
388 2914 579 2958 proposuit,
597 2915 717 2958 quibus
735 2917 830 2949 diis·
822 2928 875 2949 m-

74 2957 201 2991 vidisse
224 2959 274 2992 ait
299 2960 439 2994 maritos
463 2971 564 3001 su05‚
591 2961 723 2995 deabus
747 2963 814 2995 illis
838 2974 876 2995 se

74 3003 228 3049 adjungit
260 3006 375 3041 verbis
410 3001 459 3047 ὥς
488 3003 528 3041 δ’
562 3007 610 3041 αὐ
645 3027 688 3032 --
721 3007 875 3053 ἄγασθε,

913 1118 980 1150 sic
1014 1117 1119 1151 etiam
1143 1116 1228 1151 mihi
1257 1127 1346 1148 nnnc
1379 1114 1552 1148 invidetis.
1600 1111 1721 1157 quodsi

913 1163 1058 1197 dixisset
1091 1177 1140 1204 ως
1171 1160 1207 1197 δ’
1244 1175 1292 1196 αν
1319 1167 1384 1195 etc.
1400 1187 1410 1203 ‚
1453 1158 1721 1193 confunderetur

912 1210 990 1251 hoc,
1016 1210 1106 1254 quod
1129 1210 1196 1253 jam
1217 1209 1293 1252 ipsa
1318 1219 1356 1240 se
1377 1207 1450 1251 pati
1473 1205 1631 1250 queritur
1653 1204 1721 1237 Ca-

913 1255 1032 1300 lypso,
1063 1267 1138 1288 cum
1162 1253 1358 1287 infelicibus
1382 1253 1449 1286 illis
1475 1255 1629 1286 Aurorae
1654 1250 1723 1283 Ce-

912 1301 1069 1345 rerisque
1094 1301 1282 1340 amoribus,
1321 1304 1483 1343 tanquam
1506 1297 1722 1337 simillimum,

914 1357 986 1379 cum
1004 1354 1116 1380 tamen
1136 1347 1294 1390 majorem
1310 1345 1548 1388 insignemque
1565 1342 1723 1387 injuriam

915 1393 980 1424 sibi
1000 1392 1077 1426 fieri
1095 1399 1194 1437 putet
1212 1392 1282 1429 ina.
1306 1391 1335 1424 si
1351 1392 1493 1425 orbetur
1515 1390 1600 1430 viro,
1624 1400 1724 1433 quem

914 1438 1108 1472 servaverit
1131 1439 1357 1481 naufragum,
1383 1436 1600 1491 hospitioque
1623 1447 1726 1468 exce-

916 1483 1018 1528 perit.
1062 1496 1095 1517 v.
1132 1495 1209 1517 ann.
1242 1485 1286 1517 ad
1322 1483 1428 1516 verba
1462 1481 1527 1516 τὸν
1559 1480 1601 1525 μὲ
1605 1493 1626 1515 ν
1656 1478 1724 1525 ἐγώ

917 1531 1045 1572 φίλεον
1067 1531 1142 1564 135.
1171 1529 1288 1563 itidem
1308 1529 1394 1562 male
1412 1528 1510 1561 libri.
1536 1548 1581 1552 —
1598 1531 1726 1570 παρεῖ-

914 1586 997 1610 ναι·
1025 1574 1091 1610 τόν
1111 1595 1155 1599 —-
1179 1575 1235 1608 vel
1253 1578 1440 1629 παρεῖναι.
1465 1573 1531 1609 τόν
1549 1579 1631 1616 οἵα,
1655 1573 1727 1607 dis-

913 1622 1041 1675 junctis
1072 1620 1231 1655 membris
1263 1621 1364 1654 unius
1396 1621 1614 1664 ejusdemque
1648 1631 1727 1653 sen-

918 1668 1048 1702 tentiae
1079 1667 1381 1719 conjunctissimis.
1414 1678 1525 1711 neque
1550 1665 1637 1700 enim
1661 1665 1729 1701 τὸν

918 1714 952 1747 11.
978 1714 1001 1749 l.
1028 1720 1082 1748 est
1104 1714 1260 1754 τοῦτον,
1285 1713 1345 1746 sed
1370 1710 1432 1755 ὃν,
1457 1720 1495 1746 ut
1520 1712 1559 1746 ΙΙ.
1583 1711 1726 1757 y‘,351.

918 1766 953 1794 et
988 1760 1123 1806 passim.
1170 1766 1266 1793 recte
1300 1760 1393 1803 Berg
1395 1759 1507 1792 lerus.
1540 1761 1727 1802 παρεῖναι,

918 1804 983 1840 τὸν
1000 1813 1064 1840 etc.
1084 1825 1129 1830 ——-
1162 1805 1313 1846 ἔλσας,
1336 1782 1558 1848 συὸστρέψας.
1595 1817 1628 1837 v.
1651 1817 1729 1839 ann.

919 1852 963 1886 ad
988 1853 1026 1886 Il.
1048 1849 1093 1894 α’,
1111 1852 1190 1886 409.
1211 1871 1255 1877 —
1286 1851 1490 1908 ἐκέασσε,
1517 1852 1658 1895 dffz'dit.
1683 1852 1729 1886 cf.

918 1897 965 1943 η’,
987 1900 1067 1940 250,
1090 1897 1626 1952 μ’,383,1Ι.π’,412ε1(;.-
1666 1897 1732 1932 οἴ-

917 1957 1028 1979 νοπι
1051 1945 1216 1989 πόντῳ.
1250 1943 1403 1989 η’,,250
1430 1945 1470 1979 Il.
1498 1945 1550 1984 α’,
1571 1945 1640 1979 350
1662 1948 1728 1977 etc.

918 2011 964 2016 -
997 1994 1071 2025 Am.
1099 1991 1144 2032 Q.
1171 1991 1270 2024 Harl.
1295 1996 1330 2024 et
1354 1991 1398 2024 H.
1420 1991 1463 2024 ad
1489 1993 1590 2025 110.:
1624 1988 1731 2024 ocni-

920 2040 1115 2082 φθιθεν.
1162 2050 1212 2077 ως
1253 2035 1454 2081 κόσμηθεν.
1510 2048 1577 2071 non
1613 2035 1731 2080 defugi

919 2085 1157 2118 auctoritatem
1186 2084 1403 2128 probatorum
1435 2083 1611 2124 codicum,
1645 2093 1731 2126 quos

918 2131 1009 2164 inter
1028 2136 1106 2163 sunt
1124 2131 1150 2162 A
1171 2133 1202 2164 1.
1223 2137 1258 2163 et
1278 2129 1312 2164 4.
1348 2130 1472 2174 vulgo:
1494 2125 1730 2171 ἇπέφθιθον,

920 2177 1011 2221 quod
1034 2176 1243 2209 inusitatum.
1269 2194 1311 2200 —
1337 2179 1410 2209 Am.
1429 2177 1462 2217 Q
1499 2182 1534 2208 et
1553 2176 1595 2211 H.
1611 2187 1619 2207 :
1645 2173 1732 2209 τὸν

920 2222 1004 2266 μὲν
1028 2220 1113 2266 ἐγώ
1140 2224 1323 2259 φίλεον.
1360 2220 1429 2256 οὐκ
1450 2220 1533 2265 α’λό)
1535 2235 1592 2262 ως
1613 2221 1731 2256 οἴεται

921 2271 988 2310 τὰς
1024 2282 1075 2309 ιις
1111 2267 1227 2304 αὐτὸν
1260 2267 1433 2312 ἐργασίας
1471 2270 1732 2311 καταριθμεῖν,

922 2315 1172 2351 dandami-coe
1212 2312 1270 2350 ὅτι
1304 2318 1469 2356 δίκαιον,
1514 2314 1582 2349 τὸν
1618 2312 1731 2349 εὐπα-

920 2365 1070 2397 θοῦντοι
1090 2365 1256 2396 συνεῖναι
1278 2374 1382 2406 αυτῃ,
1403 2379 1446 2385 -—-
1474 2363 1658 2403 φίλεον.
1685 2359 1733 2402 α’,

924 2411 989 2444 123
1011 2416 1076 2442 etc.
1116 2408 1302 2449 „similiter
1324 2408 1414 2442 Dido
1437 2407 1627 2452 Virgiliana
1649 2409 1732 2441 Aen.

921 2456 962 2495 4,
989 2456 1087 2489 3731
1124 2456 1266 2497 ejectum
1291 2455 1427 2495 littore,
1455 2459 1636 2499 egentem,
1663 2454 1734 2487 Ex-

921 2502 1013 2545 cepi.
1042 2506 1074 2533 et
1098 2502 1201 2546 regni
1224 2502 1363 2534 demens
1386 2502 1423 2533 in
1449 2506 1552 2544 parte
1576 2501 1700 2533 locavi.
1710 2502 1733 2519 ‘⁶

921 2548 976 2581 Ex
1002 2547 1030 2579 Ε
1035 2547 1121 2580 ichh.

970 2594 1046 2627 136.
1093 2591 1141 2637 η’,
1165 2594 1259 2634 257,
1293 2590 1355 2637 ψ’,
1378 2593 1466 2632 336,
1499 2591 1540 2624 Il.
1567 2588 1628 2632 θ’,
1655 2592 1735 2627 538.

922 2639 967 2672 cf.
994 2640 1083 2672 infra
1108 2641 1176 2674 218
1201 2645 1268 2673 etc.
1315 2639 1465 2683 figurate
1490 2639 1619 2682 αἰγίδα
1644 2634 1737 2682 α’γή-

921 2698 1015 2729 ραον
1040 2685 1127 2718 dixit
1151 2685 1190 2718 ll.
1212 2684 1259 2731 β’,
1280 2685 1358 2719 447.
1392 2684 1649 2718 immortalitate
1674 2684 1736 2718 do·-

923 2744 1005 2766 nare
1025 2736 1186 2775 poterant
1207 2732 1255 2765 dii
1280 2731 1448 2770 hominen,
1474 2741 1560 2773 quos
1586 2730 1734 2772 vellent3

923 2777 1201 2822 quemadmodum
1231 2779 1362 2810 Aurora
1388 2776 1579 2810 Tithonum
1613 2778 1735 2820 conju-

921 2836 998 2868 gem
1019 2824 1238 2858 immortalem
1260 2821 1425 2856 reddidit.
1465 2821 1641 2856 liberalior
1663 2824 1735 2856 Ca·

920 2870 1019 2915 lypso
1030 2871 1242 2913 juventutem
1256 2879 1391 2912 quoque
1402 2868 1734 2913 perpetuamUlyssi

922 2916 1096 2969 promisit,
1125 2926 1190 2958 qua
1211 2915 1344 2968 quidem
1367 2915 1526 2959 praedita
1547 2914 1653 2948 suisne
1679 2915 1734 2948 di-

920 2962 1028 2999 citur,
1063 2960 1208 2994 artificio
1243 2960 1357 2994 nescio
1391 2962 1487 3004 cujus
1521 2961 1631 3005 magi,
1673 2961 1731 2994 Jo-

921 3009 1030 3043 hanna
1070 3007 1319 3051 Aragonensis,
1363 3006 1590 3052 pulcherrima
1624 3007 1730 3042 seculi
