1856 3282
108 127 165 167 62

279 231 391 276 ἔνθα
419 232 475 276 σύ
503 232 654 289 μηκέτ’
685 234 815 279 ἔπειτ’
836 233 1175 304 ἀπανήνασθαι
1187 239 1298 280 θεοῦ
1326 236 1474 292 εὐνήν,

281 287 403 342 όφροι
431 289 478 332 κέ
507 306 576 332 τοι
604 291 716 348 λύσῃ
749 290 798 335 θ’
829 290 1034 344 ἑτάρους,
1067 290 1203 335 αὐτόν
1231 309 1276 336 τε
1305 296 1505 364 κομίσσῃ,

279 343 387 388 ἀλλὰ
416 345 618 389 κέλεσθαί
646 365 722 403 μιν
749 348 964 417 μακάρων
989 347 1126 402 μέγαν
1155 347 1290 401 ὅρκον
1318 349 1522 404 ὀμόσσαι,

167 401 297 446 800*
327 400 430 472 μήτι
460 414 530 445 σοι
560 402 678 461 αὐτῷ
707 409 828 459 πῆμα
857 403 998 448 κακὸν
1027 405 1316 472 βουλευσέμεν
1347 407 1468 456 ἄλλο,

277 460 351 527 μή
366 456 407 500 σ’
439 450 815 528 ἀπογυμνωθέντα
845 461 981 505 κακὸν
1010 461 1084 504 καὶ
1116 460 1316 533 ἀνήνορα
1342 464 1492 532 θείῃ“

343 513 427 565 ι’.Ωις
456 515 543 570 ἄρα
573 529 796 590 φωνησας
808 517 916 572 πόρε
947 518 1186 572 φάρμακον
1209 517 1529 575 Ἀργειφόντης,

277 569 325 613 ἐκ
353 573 478 627 γαίης
508 573 695 646 ἐρύσας,
722 575 796 616 καί
825 591 900 627 μοι
931 574 1069 629 φύσιν
1100 573 1238 617 αὐτοῦ
1268 576 1409 626 ε’δειξε

279 627 373 682 ῥίζῃ
403 629 481 683 μὲν
510 631 644 685 μέλαν
673 630 788 681 ε’σκε,
818 631 1001 686 γάλακτι
1031 631 1076 674 δὲ
1103 632 1272 674 εἴκελον
1300 631 1463 681 ἄνθος·

165 685 248 728 305
277 688 402 738 μῶλυ
433 685 478 728 δέ
508 703 583 741 μιν
613 687 819 730 καλέουσι
849 689 947 730 θεοὶ
935 719 967 739 ,
998 687 1186 743 χαλεπὸν
1218 688 1263 731 δέ
1290 687 1331 729 τ’
1364 687 1571 742 ὀρύσσειν

278 739 470 795 ἀνδράσι
497 759 545 797 γε
572 749 793 800 θνητοῖσι,
824 744 921 788 θεοὶ
953 745 999 787 δέ
1028 760 1073 787 τε
1099 744 1243 787 πάντα
1273 743 1502 788 δύνανται.

328 834 404 864 arte
428 832 559 876 magica
585 833 732 878 Ulysses
756 838 913 868 tentatus
937 834 1063 868 Circen
1087 833 1208 868 stricto
1234 834 1350 879 gladio
1374 833 1520 868 invadit.

354 895 552 952 Ερμείας
581 918 659 954 μεν
688 899 818 944 ἔπειτ’
850 901 988 957 ἀπέβη
1019 901 1128 957 πρός
1157 901 1329 958 μακρόν
1346 901 1580 957 ’Όλυμπον

277 957 415 1007 νῆσον
446 954 519 997 αν’
551 955 789 1011 υλήεσσαν,
821 958 903 1012 ἐγώ
936 958 979 1001 δ’
1010 975 1051 1007 ες
1082 957 1258 1013 δώματα
1288 960 1457 1015 Κίρκης

280 1010 377 1065 ἤϊα·
411 1013 550 1056 πολλὰ
581 1014 628 1057 δέ
657 1031 733 1069 μοι
762 1017 920 1070 κραδίη
949 1014 1156 1071 πόρφυρε
1185 1015 1338 1059 κιόντι.

113 1121 161 1155 dii
191 1126 226 1156 et
257 1123 379 1156 heroes
411 1123 605 1158 Homerici·
648 1129 761 1160 amant
793 1125 919 1170 passim

112 1169 279 1202 formosos
301 1170 555 1213 sormosasque,
579 1172 733 1213 captivas
758 1184 820 1216 pro
845 1172 919 1216 pel-

112 1214 235 1247 licibus
254 1216 393 1254 habent,
419 1223 453 1248 et
471 1227 490 1248 a
515 1217 738 1260 supplicibus,
765 1217 823 1261 qui
844 1217 919 1260 pla-

112 1271 232 1301 cuere‚
258 1260 473 1294 concubitum
498 1268 709 1306 exposcunt,
734 1265 828 1296 velut
852 1265 919 1304 ζω-

112 1304 234 1349 ἄγρια.
270 1318 304 1338 v
330 1304 382 1348 α’,
411 1308 500 1341 13—-
506 1308 559 1348 15,
585 1308 622 1349 ε’,
649 1311 737 1342 13—
741 1311 784 1344 15
805 1315 841 1342 et
864 1309 918 1341 in-

111 1352 230 1405 primis
249 1352 409 1395 ejusdem,
428 1352 507 1386 libri
525 1356 717 1390 118—136.
735 1375 780 1379 —
806 1367 863 1388 απ
875 1367 917 1388 α·-

110 1396 366 1452 νήσασθαι,
391 1410 524 1434 recusa.
558 1400 604 1433 cf.
630 1414 674 1444 γ,
696 1401 763 1434 265
783 1405 850 1435 etc.
871 1420 918 1426 —-

111 1441 394 1489 μακάρωνμ.
420 1442 580 1493 ὅρκον.
614 1445 667 1492 β’,
692 1448 760 1482 377
785 1451 852 1480 etc.

155 1514 236 1548 300.
285 1524 353 1546 non
387 1513 494 1558 magis
529 1514 562 1548 h.
597 1515 621 1549 1.
664 1515 780 1569 piacet
816 1512 917 1559 αὐτῷ

109 1570 210 1616 quam
231 1557 270 1602 ε’,
289 1560 367 1601 179,
393 1561 573 1604 malimque
593 1561 694 1594 etiam
714 1560 768 1595 hic
784 1565 819 1595 et
837 1550 915 1596 344.

109 1603 252 1646 αὔτως,
287 1607 359 1647 sic,
403 1618 441 1640 re
473 1607 523 1640 ita
553 1607 762 1651 composita,
794 1609 848 1640 τῶ
880 1607 918 1642 σὲ

110 1649 439 1696 απογυμνοῦσθαι.
486 1662 592 1696 saepe
624 1654 766 1686 confusa
798 1659 877 1687 sunt
901 1667 919 1695 ς

111 1703 146 1731 et
170 1711 184 1733 ι
208 1698 430 1743 adscriptum.
470 1699 514 1734 cf.
538 1697 585 1744 β’,
612 1698 690 1735 194.

154 1767 366 1802 301-305,
399 1766 471 1800 Am
491 1767 530 1799 B
550 1766 666 1807 etQ..
690 1763 919 1810 ἄπογυμν.

109 1814 179 1848 τοῦ
211 1814 360 1868 ξίφους
387 1812 584 1856 δηλονότι,
627 1813 689 1847 καὶ
722 1814 816 1857 (scr.
841 1812 918 1857 ὡς)

110 1858 291 1916 γυμνός
338 1856 446 1901 ἄτερ
488 1857 704 1900 κόρυθός
746 1871 795 1894 τε
836 1860 919 1895 καὶ

112 1902 321 1946 ἀσπίδος
345 1905 402 1949 (11.
429 1903 481 1950 φ’,
505 1903 687 1948 50).οὐ
712 1903 782 1949 γὰρ
806 1903 920 1950 ἐσθῆ-

111 1952 178 1992 τός
213 1963 316 1997 φησι.
363 1952 429 1985 imo
464 1952 571 1985 herba
610 1953 699 1994 moly
732 1953 920 1995 privatum,

113 1998 143 2032 si
167 1998 278 2039 iiiam,
311 1998 472 2043 precibus
506 1996 591 2030 deae
615 2004 820 2037 commotus,
857 2010 921 2032 nec

109 2044 334 2089 jurejurando
359 2048 475 2084 tutus,
501 2043 708 2088 deposuerit
739 2047 808 2077 tum
833 2045 922 2078 enim

114 2090 308 2125 Mercurius
333 2090 479 2130 metuit,
510 2101 552 2123 ne
576 2101 641 2133 ope
665 2100 743 2130 sua,
777 2090 922 2123 numinis

112 2136 326 2181 potentioris,
352 2136 554 2169 destitutum
578 2136 714 2168 heroem
739 2135 840 2170 Circe
861 2136 922 2169 de-

113 2183 233 2223 leniat,
257 2187 477 2226 enervetque.
513 2182 559 2214 cf.
580 2181 660 2216 341.
687 2201 729 2206 —
761 2181 922 2223 κακὸν,

113 2229 294 2285 ignavum.
315 2246 359 2251 —
393 2231 464 2261 Am.
490 2227 553 2266 Q.:
579 2229 706 2270 μῶλυ
731 2229 922 2263 -θεοί,

115 2272 184 2309 οὐκ
216 2272 312 2315 εἷπε,
346 2286 425 2314 πως
455 2276 619 2307 καλεῖται
645 2269 736 2318 παρ’
772 2271 923 2318 ἀνθρώ-

113 2334 208 2361 ποις.
254 2318 409 2364 ἐπήγαγε
442 2320 556 2362 γοῦν,
594 2317 651 2354 ότι
683 2319 921 2363 ἀναγνωστόν

114 2364 212 2401 ἐστιν
237 2365 469 2417 ἀνθρώποις.
518 2363 684 2409 (α’λλως.)
708 2369 834 2410 μῶλυ,
857 2368 922 2410 βο-

113 2412 227 2468 τιῖνης
251 2411 361 2454 εἶδος,
386 2410 489 2454 παρὰ
513 2410 555 2445 τό
581 2411 753 2456 μωλύειν,
782 2411 803 2448 ὅ
824 2413 922 2449 ἐστιν

114 2457 328 2502 ἀφανίζειν,
353 2457 398 2493 τὰ
423 2457 613 2501 φάρμακα.
635 2460 739 2515 φασὶ
764 2458 803 2494 δε
825 2457 920 2494 αὐτο

115 2505 310 2549 ἑλκόμενον
342 2507 393 2549 τῷ
417 2506 509 2540 τέλει
533 2505 597 2547 τῆς
627 2503 728 2549 ρίςης
751 2505 923 2540 θάνατον

113 2550 301 2594 ἐπιφέρειν
334 2553 385 2596 τῷ
416 2550 638 2585 ἀνασπωντι.
686 2552 794 2586 simile
822 2553 923 2595 quid-

114 2599 189 2632 dam
215 2598 257 2631 de
282 2598 510 2641 mandragora
533 2597 732 2638 narrabant,
757 2604 795 2631 ut
816 2599 847 2632 Ε
867 2610 923 2631 re—

113 2645 204 2685 fert3
239 2644 273 2677 H
304 2655 386 2677 vero
421 2655 488 2677 non
518 2642 615 2676 modo
651 2644 787 2677 herbam
821 2645 922 2688 moly,

115 2690 176 2723 sed
207 2690 328 2723 multas
361 2689 447 2722 alias
480 2689 603 2722 herbas
636 2695 672 2722 et
706 2689 864 2724 animalia
888 2695 923 2723 et

115 2735 248 2780 lapides
272 2740 390 2769 contra
415 2735 560 2779 magiam
583 2734 701 2768 valere
724 2735 819 2769 dicit.
857 2734 923 2770 δά-

117 2794 216 2837 φνη,
265 2781 400 2826 inquit,
442 2783 592 2823 κόνιζα,
633 2779 797 2825 ῥαμνος,
831 2781 923 2837 ἰτέα,

117 2823 231 2872 ἀστήρ
256 2839 294 2862 τε
318 2824 545 2869 θαλάσσιος,
571 2827 695 2866 ἴασπις
718 2830 837 2869 λίθος,
862 2825 927 2862 α’λ·

118 2875 163 2908 λα
185 2886 224 2909 τε
248 2873 364 2908 πολλα
390 2873 514 2916 φυτὰ,
546 2872 608 2908 καὶ
630 2875 725 2916 ζῶα,
751 2874 849 2918 (καὶ)
873 2875 925 2908 λί-

118 2921 209 2961 θοι,
243 2917 499 2955 ἀντιπαθοῦσι
529 2923 702 2963 μαγικαῖς
743 2933 927 2963 παρατρο-

119 2968 220 3007 παῖς.
254 2966 340 3001 male
363 2967 492 3001 codex.
519 2969 691 3012 μανικοῖς
713 2966 815 3013 παρὰ
838 2965 925 3012 τρό-

745 126 1148 167 ΟΜΗΡΟΥ

963 1139 1068 1168 ποις,
1093 1130 1240 1172 suntque
1263 1127 1361 1173 piura
1382 1127 1441 1161 hic
1465 1128 1651 1170 corrupta,
1679 1137 1770 1170 quae

964 1183 1030 1205 non
1062 1173 1238 1228 expedio.
1269 1182 1419 1207 ceterum
1450 1172 1508 1206 ille
1533 1171 1649 1205 Schol.
1678 1171 1770 1214 moly

965 1228 1040 1251 esse
1064 1218 1114 1251 ait
1137 1218 1179 1252 to*
1213 1231 1344 1262 αγριον
1372 1217 1560 1263 πήγανον,
1591 1228 1771 1262 peganum

964 1263 1162 1297 harmalam
1185 1265 1282 1298 Linn.
1299 1289 1309 1305 ,
1335 1266 1428 1308 quod
1451 1270 1506 1298 est
1528 1274 1636 1318 genus
1659 1268 1770 1305 rutae,

963 1311 1170 1343 medicorum
1194 1322 1255 1344 usu
1278 1311 1511 1344 clarissimum.
1546 1309 1603 1343 alii
1621 1308 1690 1342 dici
1709 1320 1770 1352 pu-

962 1360 1081 1390 tarunt
1109 1357 1231 1391 allium
1261 1359 1350 1400 moly
1380 1356 1478 1390 Linn.
1525 1368 1560 1390 v.
1592 1354 1773 1396 MontbeL,

961 1402 1168 1437 Billerbeck.
1192 1404 1286 1437 Flor.
1312 1406 1412 1436 class.
1436 1403 1552 1446 p.89,
1578 1403 1656 1445 110,
1680 1403 1772 1442 116.,

964 1454 1000 1482 et
1035 1449 1076 1481 B.
1113 1461 1190 1483 ann.
1228 1450 1271 1483 ad
1306 1449 1466 1482 Philostr.
1501 1460 1536 1492 p.
1568 1448 1672 1486 333.‚
1711 1449 1773 1492 qui

964 1500 1147 1539 praeterea
1179 1495 1221 1530 de
1246 1496 1335 1537 moly
1361 1494 1541 1527 Homerico
1566 1491 1679 1528 evolvi
1696 1494 1773 1538 jus-

964 1541 1009 1574 sit
1030 1541 1193 1575 Bibiioth
1221 1553 1273 1585 gr.
1299 1547 1323 1574 t.
1352 1543 1382 1573 1.
1410 1552 1442 1585 p.
1461 1539 1542 1580 545,
1568 1539 1703 1573 Moreil.
1728 1541 1773 1574 ad
1830 1553 1854 1586 ⁴¹-

964 1587 1086 1620 Dionis
1106 1554 1265 1620 'lroi'cffm
1290 1598 1323 1630 p.
1338 1586 1418 1625 609,
1443 1584 1612 1619 Βέἰῒιηίυιιι
1633 1585 1677 1618 de
1695 1586 1774 1620 Me-
1842 1585 1844 1595 ¹

964 1633 1078 1666 dicina
1103 1633 1260 1673 Homeri,
1287 1636 1322 1665 et
1343 1630 1586 1665 Dictionarium
1611 1631 1774 1666 scientia-

964 1690 1036 1712 rum
1062 1679 1182 1711 medic.
1215 1684 1240 1711 t.
1265 1677 1330 1719 24,
1359 1688 1393 1733 p.
1418 1678 1475 1711 53.
1524 1677 1681 1711 solebant
1704 1689 1772 1712 au-

963 1730 1031 1757 tem
1057 1724 1111 1757 vel
1135 1725 1315 1758 comedere
1345 1721 1388 1757 τὸ
1412 1723 1535 1765 μῶλυ,
1564 1723 1622 1757 vel
1651 1723 1772 1758 bibere

965 1782 1038 1804 cum
1064 1770 1166 1811 vino,
1193 1770 1248 1802 vel
1271 1769 1371 1802 etiam
1396 1768 1547 1802 admixto
1571 1780 1676 1804 succo
1696 1771 1772 1815 ejus

963 1816 1045 1849 lacti
1071 1821 1131 1849 aut
1153 1816 1243 1849 melli
1266 1814 1386 1858 inungi
1416 1814 1460 1848 ad
1485 1814 1600 1849 varios
1624 1818 1771 1859 morbos,

964 1867 1003 1896 ut
1021 1868 1141 1895 auctor
1161 1866 1214 1895 est
1233 1862 1404 1906 glossator
1418 1861 1580 1896 Heideib.
1609 1862 1654 1899 cf.
1668 1863 1773 1899 Foe's.

966 1909 1096 1942 oecon.
1119 1908 1288 1953 Hippocr.
1316 1919 1348 1941 v,
1366 1905 1525 1950 μώλυζα.
1559 1906 1644 1941 mire
1667 1909 1774 1954 Apol-

966 1954 1104 1987 lodorus
1129 1954 1251 1994 3,15‚
1277 1956 1332 1988 1.:
1359 1952 1545 1998 Πασιφάη
1567 1953 1652 1998 γὰρ,
1676 1954 1774 1990 ἐπει·

968 1999 1014 2043 δὴ
1037 2003 1191 2040 πολλαῖς
1218 2001 1348 2039 ΙῑῙίνως
1379 2000 1628 2060 συνηυνάζετο
1649 2014 1777 2058 γυναι-

966 2046 1045 2088 ξὶν,
1079 2045 1357 2090 ἐφαρμάκευσεν
1382 2044 1518 2088 αὐτόν,
1553 2046 1635 2088 καὶ,
1662 2045 1782 2090 ὁπότε
1842 2045 1844 2047 ’

968 2091 1055 2138 ἄλλῃ
1084 2092 1347 2147 συνηυναζετο,
1383 2093 1436 2131 εἰς
1458 2089 1505 2127 τὰ
1527 2090 1654 2136 ἄρθρα
1676 2093 1776 2138 ἐφίει

966 2141 1106 2196 θηρία,
1137 2152 1170 2173 κ.
1205 2136 1324 2179 ου’τως
1356 2135 1582 2174 ἀπώλλυντο.
1629 2138 1777 2183 ἔχοντος

969 2183 1036 2220 οὖν
1068 2183 1187 2221 αὐτοῦ
1218 2183 1314 2220 κύνα
1351 2183 1488 2226 ταχύν,
1527 2182 1702 2221 ἀκόντιόν
1736 2200 1775 2222 τε

969 2230 1168 2287 ἰθυβόλον,
1193 2230 1251 2266 ἐπὶ
1275 2229 1424 2270 τούτοις
1448 2230 1645 2274 Πρόκρις,
1669 2233 1776 2268 δοῦ·

969 2290 1024 2313 σα
1066 2275 1149 2333 τήν
1186 2277 1431 2320 Κιρκαίαν
1466 2281 1596 2312 πιεῖν
1634 2277 1775 2322 ῥίζαν

966 2324 1059 2367 πρὸς
1088 2322 1129 2359 τὸ
1162 2321 1277 2368 μηδεν
1304 2321 1470 2368 βλάψαι,
1504 2323 1775 2367 συνευνάζεται.

968 2371 1091 2405 Eicbh.
1129 2371 1214 2404 haec
1246 2369 1386 2403 Homeri
1421 2369 1607 2416 adscripsit
1638 2371 1775 2415 virgilii

967 2417 1041 2451 loco
1075 2416 1118 2450 de
1142 2416 1311 2449 dictamno
1339 2419 1422 2449 Aen.
1457 2418 1518 2457 12,
1544 2417 1773 2460 ‹nl—424„

967 2463 1064 2507 cujus
1099 2468 1211 2495 tamen
1244 2462 1373 2495 herbae
1406 2462 1540 2496 medica
1560 2466 1696 2496 tantum
1719 2463 1775 2496 vis

968 2507 1190 2553 praedicatur
1220 2519 1240 2540 a
1265 2508 1414 2541 Romano
1438 2515 1532 2542 vate.
1579 2508 1642 2542 sed
1666 2508 1776 2553 magi-

969 2565 1027 2588 cas
1044 2565 1178 2599 quoque
1194 2554 1316 2587 herbas
1334 2566 1374 2587 ac
1390 2553 1527 2588 radices
1545 2553 1667 2598 passim
1684 2566 1777 2588 com-

968 2607 1155 2634 memorant
1178 2612 1253 2633 cum
1279 2599 1434 2642 antiqui,
1459 2605 1527 2633 tum
1553 2599 1776 2641 recentiores,

969 2645 1135 2691 equibus
1159 2657 1256 2679 unum
1275 2645 1440 2685 laudabo,
1471 2644 1776 2690 ingeniosissimum

968 2692 1143 2726 Musaeum
1167 2691 1375 2731 narratione,
1399 2703 1499 2735 quam
1519 2691 1693 2736 inscripsit
1715 2692 1778 2725 der

969 2739 1225 2782 Schatzgrdber
1257 2738 1448 2780 (Deutsche
1489 2737 1778 2771 Volksmdkrchen

969 2795 1036 2817 von
1060 2786 1091 2816 J.
1120 2786 1162 2817 A.
1192 2785 1356 2825 Mustius,
1387 2785 1421 2818 5.
1446 2783 1536 2824 Th„
1563 2783 1706 2826 1805.‚)
1739 2782 1783 2818 inv

971 2841 1038 2875 qua
1050 2829 1163 2873 lepide
1176 2829 1262 2863 dicit
1272 2830 1315 2863 de
1330 2829 1446 2863 radice
1461 2828 1616 2873 quadam,
1627 2829 1776 2882 Sprn'ng-

970 2878 1114 2917 wurzcl,
1152 2887 1219 2919 qua
1246 2875 1338 2909 fores
1369 2876 1524 2909 occlusas
1546 2873 1675 2921 aperiri
1698 2886 1777 2909 cre-

971 2923 1056 2956 dunt
1078 2920 1322 2975 superstitiosi.

1017 2969 1097 3003 309.
1144 2965 1196 3010 δ’,
1219 2967 1287 3003 427
1311 2970 1378 3002 etc.
