1846 3282
520 158 1104 202 ΟΔΥΣΣΕῙΑΣ
1155 161 1218 201 Μ.

1604 162 1689 208 181

99 269 183 316 205
210 269 342 337 νηῦς,
372 266 467 311 ἐπεὶ
496 266 649 312 οὐκέτ’
673 267 830 339 ἐρετμα
856 265 1052 338 προήκεα
1077 268 1225 323 χερσὶν
1252 268 1436 327 ἔπειγον.

215 323 354 377 αὐτὰρ
382 322 478 394 ἐγω
496 323 571 367 διοὶ
604 324 711 382 νηὸς
739 325 819 369 ἰων
847 323 1050 379 ὄτρυνον
1078 324 1278 393 ἑταίρους

22 360 26 440 l
210 380 433 436 μειλιχίοις
459 379 628 425 ἐπέεσσι
646 381 962 437 παρασταδόν,
992 380 1133 435 ἄνδρα
1166 380 1372 426 ἕκαστον·

363 482 498 517 solatur
520 493 578 517 eos
601 483 767 530 Ulysses‚
796 487 833 518 et
857 481 1058 528 Charybdin
1079 481 1193 517 vitare
1211 482 1321 527 jubet.

285 543 371 603 ,,Ὦ
399 550 542 604 φίλοι,
572 548 628 593 οὐ
655 547 737 605 γάρ
767 549 837 592 πω’
866 566 910 593 τι
937 553 1088 593 κακῶν
1099 547 1364 620 ἀδαήμονές
1392 552 1518 608 εἰμεν,

211 621 265 649 ον
295 606 373 662 μὲν
403 605 456 661 δή
484 607 585 649 τόδε
613 610 760 661 μεῖζον
788 606 857 649 ἔπι
886 606 1048 659 κακόν,
1077 605 1106 661 ἢ
1135 604 1206 650 ὅτε
1234 605 1431 659 Κύκλωψ

96 666 180 707 210
209 663 310 705 εἴλει
338 662 402 706 ἐνὶ
433 666 538 718 σπῆι·
562 665 778 733 γλαφυρῷ
805 666 1048 719 κρατερῇφι
1081 663 1261 731 βίηφιν·

208 717 318 761 ἀλλα
346 719 420 762 καὶ
450 720 578 762 ἔνθεν
607 718 687 775 ἐμῇ
717 718 870 775 άρετῇ,
901 721 1044 775 βουλῆ
1072 734 1137 771 τε,
1166 717 1257 788 νόῳ
1287 734 1345 770 τε,

207 774 474 845 ἐκφύγομεν,
507 776 581 818 καί
608 790 701 817 που
725 779 864 818 τῶνδε
891 775 1135 831 μνήσεσθαι
1164 775 1255 818 ὀΐω.

19 812 23 880 l
207 835 293 874 νῦν
322 831 363 874 δ’
394 830 541 887 ἄγεθ’,
571 828 630 881 ὥς
659 829 714 873 ἂν
744 830 857 885 ἐγων
885 833 1012 881 εἴπω,
1041 831 1300 886 πειθώμεθα
1327 829 1499 883 πάντες.

131 921 137 927 ,
207 886 332 942 ’ὑμεῖς
358 889 438 942 μὲν
465 886 664 943 κώπῃσιν
693 885 798 937 ἁλός
827 888 1014 943 ῥηγμῖνα
1042 892 1228 944 βαθεῖαν

94 946 177 989 215
205 943 404 995 τύπτετε,
435 945 679 1014 κληΐὸεσσιν
707 942 939 999 ἐφήμενοι,
971 946 1020 987 αἴ
1044 945 1092 988 κέ
1119 950 1230 988 ποθι
1261 942 1372 994 Ζεύς

207 1001 298 1056 δώῃ
327 1000 453 1044 τόνδε
480 998 525 1055 γ’
555 998 746 1057 ὄλεθρον
771 1001 1065 1073 ὑπεκφυγέειν
1097 1002 1171 1044 καὶ
1199 999 1382 1051 ἀλύξαι·

204 1057 276 1099 σοὶ
304 1056 371 1110 δὲ,
401 1055 666 1126 κυβερνῆθ’,
698 1051 781 1099 (ὅδ’
813 1057 1097 1111 ἐπιτέλλομαι.
1146 1056 1243 1101 ἀλλ’
1274 1056 1341 1100 ἐνὶ
1367 1058 1500 1116 θυμῷ
1542 1060 1546 1062 ’

202 1111 385 1182 βάλλευ,
418 1113 508 1157 ἐπει
536 1111 643 1168 νηὸς
662 1117 901 1184 γλαφυρῆς
932 1115 1051 1186 οἰήια
1079 1117 1256 1185 νωμᾷς’

206 1169 368 1214 τούτου
398 1170 477 1225 μὲν
503 1173 678 1213 καπνοῦ
706 1171 779 1213 καὶ
811 1171 1003 1225 κύματος
1032 1170 1153 1221 ἐκτὸς
1181 1172 1298 1239 ἔεργε

0 1264 14 1284 lu

91 1231 176 1272 220
204 1229 316 1298 νῆα,
340 1227 396 1272 συ
429 1226 475 1270 δὲ
504 1227 722 1269 σκοπέλου
752 1226 972 1281 ἐπιμαίεο,
1007 1226 1065 1296 μή
1096 1238 1144 1270 σε
1169 1225 1332 1294 λάθῃσι

203 1281 316 1327 κεῖσ’
343 1281 641 1339 ἐξορμήσασα,
671 1282 747 1326 καὶ
776 1282 819 1334 ἐς
847 1283 989 1327 κακὸν
1019 1282 1131 1340 ἄμμε
1159 1282 1375 1340 βάλῃσθα.
1386 1285 1415 1307 “

398 1389 550 1421 armatur
573 1384 741 1430 Ulysses,
771 1384 832 1420 sed
856 1386 1006 1431 Scyllam
1029 1385 1119 1420 haud
1143 1383 1325 1431 conspici&

267 1451 350 1506 ’Ὼς
374 1451 569 1510 ἐφάμην,
601 1454 645 1496 οἱ
673 1450 716 1497 δ’
747 1448 841 1498 (ὅκα
870 1453 990 1513 ἐμοῖς
1020 1453 1187 1499 ἐπέεσσι
1215 1453 1418 1497 πίθοντο.

30 1596 236 1645 βόμβησεν
266 1610 359 1634 more
390 1597 526 1634 dicendi
557 1599 674 1635 Attico
704 1603 740 1635 et
763 1600 839 1635 vul-

29 1646 119 1690 gari.
159 1643 448 1700 ν.Ι1.η’,102,
478 1644 536 1690 μ’,
564 1647 649 1687 159,
679 1645 839 1690 ν’.,632

0 1699 10 1728 t
31 1691 145 1726 omnia
167 1690 357 1727 insonuisse
380 1670 486 1734 diclt,
511 1670 587 1725 (lum
612 1703 675 1737 per
698 1692 838 1727 fluctum

1 1736 180 1792 -profecti
203 1737 283 1772 slnt.
309 1757 356 1763 —
390 1740 464 1772 Am.
489 1738 534 1780 Q.
559 1742 595 1771 et
617 1738 658 1772 B.
683 1739 835 1773 emend.-

0 1782 258 1828 uaeoovjnsoe.
313 1797 363 1825 ως
403 1781 651 1828 ταναήκεα
706 1785 835 1827 (Ιίὺιὶε

0 1845 9 1866 ι
30 1830 287 1874 καταναήκεα,
321 1831 411 1885 quod
436 1831 503 1864 fuit
533 1830 623 1864 haud
648 1830 750 1864 dubie
774 1830 836 1866 καὶ

0 1875 220 1934 ,ταναήκεα
249 1888 310 1921 pro
344 1890 393 1917 ως
424 1890 503 1911 ταν.
514 1901 525 1917 ,
559 1877 836 1920 quemadmodum

1 1923 94 1967 ,καὶ
129 1927 164 1957 et
194 1920 244 1964 ὥς
278 1922 441 1956 confundi
473 1923 593 1957 solent.
649 1923 837 1980 ταναήκης

0 1969 159 2014 »legitur
181 1967 236 2011 δ’,
260 1970 339 2004 257.
365 1974 402 2002 et
425 1968 542 2024 alias.)
567 1969 695 2026 δηλοῖ
724 1968 764 2004 δὲ
789 1967 836 2004 τὰ

0 2015 305 2070 -προβεβηιιυῖαν
328 2013 396 2060 τὴν
419 2011 539 2059 ἀκμήν
564 2013 715 2058 ἔχοντα,
744 2011 766 2061 ἦ
790 2015 836 2051 td

0 2060 240 2119 ·προήκοντα
273 2062 339 2104 τῆς
370 2060 472 2100 νεαίς.
526 2061 638 2095 malim
672 2060 720 2096 τὰ
747 2075 835 2106 προ-

0 2123 4 2144 ι
27 2106 174 2153 έχοντα,
199 2114 238 2143 ιιι
253 2108 354 2142 5ο1ι.ι
380 2106 584 2153 προέχοντα
607 2120 639 2144 κ.
661 2121 835 2153 προτετα-

0 2154 123 2202 ιμένα
146 2155 212 2201 τῆς
238 2152 341 2195 νεώς.

0 2230 4 2245 ι
74 2213 155 2248 207.
200 2210 245 2255 κ’,
273 2212 348 2247 173
388 2210 443 2244 Ε·
469 2211 582 2246 λείπει
605 2223 648 2246 το
675 2210 837 2254 εἰπων,

0 2256 430 2302 ’συνεπιτροχασθέντος
470 2258 540 2292 τοῦ
570 2256 680 2315 λόγρν
713 2259 765 2305 τῷ
797 2270 836 2294 τε

0 2310 4 2331 1
31 2306 148 2351 καιρῷ
181 2318 214 2339 ιι.
246 2304 292 2359 τῇ
320 2303 389 2338 τοῦ
413 2303 613 2344 λαλοῦντος
632 2294 837 2345 Ὀδυσσέως

0 2356 2 2374 ³
31 2340 188 2410 σποιίδῇ
219 2349 366 2390 πάντως
381 2349 452 2393 γὰρ
472 2348 514 2385 τὰ
538 2347 675 2392 ἐντελες
697 2348 834 2392 ου’τως·

0 2395 239 2441 γοῗίτςοννιιν
262 2394 487 2452 εταίρους
509 2397 685 2439 εἰπών,
708 2411 736 2433 ω
763 2399 835 2442 φί-

0 2445 118 2480 ³2⁰1.
159 2453 194 2478 v.
218 2453 294 2476 anu.
318 2439 432 2483 adal,
455 2443 533 2478 429.

78 2499 198 2537 208—
212 2500 293 2534 212.
339 2511 367 2533 ω
393 2501 552 2543 φίλοι,
587 2497 638 2535 ον
662 2498 745 2545 γάρ
768 2500 834 2536 ποί

31 2558 79 2583 τι
101 2559 134 2581 ιι.
159 2558 195 2581 α.
220 2557 248 2580 ε.
282 2543 352 2600 γὰρ
369 2547 478 2590 prima
499 2546 669 2581 sententia
687 2548 835 2582 colloca-

0 2601 2 2613 ’
33 2597 129 2635 tum,
154 2597 212 2647 ut„
215 2591 254 2624 ll.
280 2590 324 2635 ρ’,
347 2593 434 2633 223,
465 2592 524 2626 nbi
550 2604 581 2626 v.
605 2604 682 2626 ann.
726 2594 764 2627 11.
788 2590 833 2632 ν’,

33 2640 131 2675 811.=
165 2635 272 2672 οὗτοι
294 2650 330 2671 τι
353 2637 470 2681 μάχης
493 2635 703 2692 ἀδαήμονές
725 2639 835 2684 εἰμεν.

32 2703 79 2710 -
102 2683 197 2725 ἐπι,
222 2682 375 2725 ἔπεστιν,
399 2685 508 2724 adest,
532 2684 691 2719 imminet
728 2687 834 2727 Α.1.,

32 2731 106 2765 Αιιι.
126 2730 172 2770 Q.
197 2734 235 2763 et
257 2741 278 2763 ιι
301 2741 342 2764 ιιι.
366 2731 400 2764 2.
425 2711 542 2764 Harl..
567 2729 657 2771 ἕπει,
679 2730 769 2765 ab‘'
748 2745 835 2774 επω,

32 2773 116 2812 ἀντὶ
131 2776 200 2812 τοῦ
211 2775 392 2820 περιέπει,
416 2775 573 2829 inquiunt
591 2777 717 2810 Scholl.
734 2778 833 2812 Harl.

32 2827 70 2856 et
93 2821 265 2863 Vindob:
298 2822 359 2856 sed
390 2822 454 2855 hoc
486 2821 680 2856 inusitatum
703 2829 766 2857 est.
790 2843 834 2848 —

33 2868 165 2909 ene«,
182 2868 344 2924 cogebat
364 2867 601 2901 concludebat.
622 2865 665 2909 λ,
682 2869 750 2903 572
767 2873 834 2904 etc.

33 2929 79 2939 —
102 2910 210 2948 α’λλοὶ
233 2932 279 2939 -
303 2912 400 2950 ὀΐω.
436 2919 472 2947 et
493 2913 675 2957 Cyclopem
698 2925 735 2947 se
758 2926 833 2948 cum

31 2957 133 2991 sociis
155 2959 316 3004 effugisse
349 2958 420 3000 alt,
451 2963 487 2993 et
520 2964 638 3003 sperat
666 2959 762 3001 fore,
796 2966 835 2995 ut

32 3003 133 3039 etiam
157 3005 257 3050 hujus
285 3004 429 3052 periculi
460 3004 642 3051 aliquando
673 3005 833 3041 memine-

885 1599 974 1641 rint,
1007 1600 1095 1636 salvi
1121 1599 1155 1634 ln
1188 1597 1333 1645 patriam
1366 1595 1510 1635 reversi.
1556 1595 1690 1642 ,‚Vlrg.

886 1647 1096 1688 1‚198·0
1119 1647 1204 1680 socia·
1225 1646 1352 1690 (neque
1376 1645 1465 1678 em’m
1489 1644 1610 1689 ignari
1632 1656 1691 1678 sn-

883 1704 959 1726 mus
983 1698 1065 1727 ante
1087 1693 1293 1735 malorum),
1329 1692 1358 1725 Ο
1384 1691 1481 1736 passi
1511 1690 1692 1736 graviora,

884 1739 982 1773 dabat
1014 1740 1097 1773 deus
1135 1739 1189 1772 his
1224 1748 1354 1783 quoque
1378 1739 1500 1780 finem.
1559 1737 1626 1769 los
1658 1740 1692 1770 et

885 1785 1080 1829 Scyllaeam
1121 1785 1253 1819 rabiem
1288 1784 1492 1828 penitusque
1531 1786 1693 1816 sonantes

882 1834 1032 1865 Acce'stis
1055 1832 1228 1876 scopulos,
1261 1841 1321 1865 νοε
1354 1834 1388 1863 et
1412 1829 1579 1873 Cyclopea
1604 1839 1693 1861 saxa

885 1878 1050 1922 Experti.-
1083 1881 1242 1911 reuocate
1274 1876 1425 1919 animos,
1460 1880 1692 1919 moestumque

882 1925 1038 1958 timorem
1073 1923 1260 1957 Mittite&

881 1971 1073 2004 meminisse
1083 1970 1236 2014 juvabit.

882 2029 901 2050 ο
916 2020 1051 2059 fortes,
1084 2017 1273 2060 pejoraque
1301 2013 1399 2058 passi
1424 2013 1558 2045 Mecum
1588 2023 1694 2055 saepe

881 2063 960 2103 viri,
986 2063 1119 2096 dederit
1138 2063 1222 2096 deus
1236 2061 1290 2094 lais
1305 2070 1434 2106 quoque
1443 2059 1564 2102 finem.
1587 2058 1620 2092 E
1637 2058 1691 2093 Cl.

883 2109 917 2143 h.
942 2109 963 2142 l.
989 2115 1024 2142 et
1047 2109 1091 2142 ad
1115 2110 1197 2143 271.

1301 1933 1384 1960 tsan
1419 1925 1453 1955 et
1489 1921 1576 1954 haec
1611 1921 1693 1953 olim

1310 1972 1400 2002 orat.
1420 1965 1489 2000 Od.
1508 1968 1540 2007 1,
1561 1968 1594 2008 7,
1612 1967 1693 2002 aa:

928 2155 1008 2190 213.
1055 2152 1100 2197 ν’,
1126 2156 1214 2195 179,
1237 2153 1279 2187 Il.
1302 2150 1351 2200 β’,
1377 2152 1442 2189 149
1467 2156 1535 2190 etc.

927 2211 1048 2246 214—
1057 2212 1139 2246 220.
1174 2213 1248 2246 Αιιι.
1267 2212 1314 2252 Q.
1332 2212 1451 2247 etss..
1476 2210 1691 2256 ῥηγμῖνα

881 2258 1095 2314 βαθεῖαν
1131 2255 1209 2293 εἶπε
1252 2257 1322 2302 τήν
1368 2257 1692 2303 προσκρουομὲνην

881 2308 961 2344 τοῖς
984 2303 1173 2347 σκοπέλοις
1191 2303 1399 2341 θάλασσαν.
1414 2325 1460 2330 -
1493 2305 1611 2340 Voss.:
1635 2305 1691 2340 ιἹιι·

881 2352 959 2385 dor-t
985 2351 1123 2396 schlagt
1153 2352 1216 2385 mit
1246 2352 1325 2385 dem
1352 2351 1459 2386 ruder
1489 2351 1550 2385 des
1581 2363 1692 2386 meere

879 2397 1163 2430 hochstfirmende
1186 2398 1383 2443 brandung.
1413 2416 1459 2422 —-
1498 2410 1690 2434 τουτον.

881 2443 1038 2477 Clemens
1073 2443 1168 2477 Alex.
1192 2443 1216 2477 l.
1240 2455 1270 2477 c.
1303 2444 1347 2477 ad
1375 2444 1475 2479 185.=
1507 2444 1688 2479 κείνου.

879 2487 1176 2531 -ἐιτιμαίεο
1200 2486 1265 2532 (ε’,
1289 2489 1397 2532 344),
1423 2495 1558 2533 appete.
1592 2496 1689 2525 recta

879 2535 913 2570 in
932 2535 1068 2580 Scyllae
1089 2535 1267 2579 scopulum
1291 2535 1496 2569 contendere
1514 2536 1686 2579 guberna-

879 2586 986 2615 torem
1007 2581 1119 2625 jubet,
1144 2592 1186 2615 ne
1209 2592 1230 2615 a
1252 2581 1363 2615 latere
1383 2581 1443 2616 illa
1461 2592 1686 2627 prorumpens

880 2627 1027 2670 aliquem
1051 2627 1220 2661 sociorum
1243 2626 1404 2672 abripiat.

925 2685 1047 2720 223-
1057 2684 1139 2719 233.
1172 2680 1322 2718 οὐκέτ’
1343 2682 1404 2726 ἐμ.
1437 2694 1614 2728 perperam
1631 2682 1685 2717 in-

879 2734 1034 2783 terpres.
1062 2730 1213 2763 nondum
1236 2730 1561 2769 commemorabam,
1586 2728 1686 2773 quasi

881 2782 961 2821 post
984 2775 1018 2809 id
1043 2776 1197 2809 facturus
1221 2774 1326 2808 fuerit
1349 2775 1506 2818 Ulysses.
1549 2781 1684 2809 vertes:

880 2823 1029 2864 Scyllam
1052 2833 1131 2854 vero
1154 2826 1338 2864 praeterea
1366 2821 1460 2854 haud
1484 2831 1685 2854 commemo-

878 2869 1011 2901 rabam.
1057 2870 1167 2900 tutum
1193 2869 1267 2899 erat
1290 2865 1333 2899 de
1356 2865 1532 2911 Charybdi
1557 2866 1685 2909 dicere,

879 2925 980 2967 quam
1020 2911 1237 2957 praetervehi
1279 2916 1440 2956 poterant
1478 2912 1683 2954 incolumes,

879 2971 944 2993 non
970 2959 1050 2992 item
1076 2958 1119 2991 de
1143 2956 1273 3011 Scylla,
1297 2968 1395 3001 quam
1420 2960 1441 2993 6
1465 2959 1683 3003 abreptumm

879 3016 954 3040 esse
990 3004 1093 3039 Circe
1127 3001 1369 3048 praedixeram
1409 3015 1510 3048 quam
1550 3014 1620 3039 rem
1652 3003 1684 3039 εἰ

1333 3060 1402 3104 9*
