1856 3282
40 1049 105 1072 να.
140 1038 173 1073 h.
192 1049 222 1072 e.
246 1036 324 1072 καί
345 1048 427 1080 μοι
449 1035 682 1081 7‘17.sicalii
706 1048 841 1082 qnoque

39 1095 94 1129 ap.
120 1084 192 1124 cl.,
217 1094 281 1116 nec
305 1094 365 1127 per
389 1095 427 1117 se
450 1083 548 1125 male,
574 1094 648 1116 cum
671 1084 735 1125 μοὶ
760 1084 840 1117 elidi

38 1141 138 1174 posse
155 1128 314 1162 videatur
337 1129 429 1173 apud
445 1128 574 1174 Epic-os
597 1131 647 1172 (v,
666 1129 840 1173 Spitzner.

37 1187 114 1209 anu.
140 1175 182 1209 ad
206 1174 246 1207 11
270 1172 329 1215 π’,
351 1174 478 1230 2079:
503 1175 564 1208 sed
584 1173 704 1207 melius
727 1178 840 1207 tamen

37 1221 115 1255 libri
133 1219 264 1264 vulgati
289 1219 350 1255 καὶ
374 1232 424 1262 αμ
456 1233 509 1264 ηγ.
535 1224 729 1274 ‘propterea
749 1219 840 1264 quod

36 1268 100 1312 μοὶ
132 1268 279 1312 positum
313 1270 367 1299 est
389 1266 424 1299 in
448 1265 589 1310 proximi
594 1277 628 1307 s,
662 1266 750 1298 unde
773 1265 838 1299 huc

35 1314 197 1371 pertinet.
243 1311 320 1345 fieri
352 1316 465 1345 autem
500 1311 602 1344 facile
631 1311 767 1355 potuit,
800 1316 839 1344 ut

38 1359 89 1394 ι”ι-
112 1359 329 1393 omitteretur
343 1363 528 1404 propter·
542 1357 582 1392 αὶ
600 1357 721 1401 simile,
747 1357 838 1402 quod

34 1404 221 1451 praecedit.

80 1494 293 1532 311—324.
340 1494 505 1537 αύτὸς,
537 1495 633 1540 ipse,
656 1495 759 1528 solus.
796 1492 837 1537 ε’,

37 1545 113 1579 190.
130 1562 176 1567 —-
203 1542 283 1575 Sch.
302 1542 450 1578 emend..
473 1541 693 1591 κοτύλην.
726 1538 841 1576 ἐκπιό-

35 1601 153 1645 ματος
189 1586 274 1632 ἤτοι
312 1589 495 1633 ποτηρίου
527 1586 625 1628 εἶδος
658 1584 840 1622 τοσούτου

36 1636 86 1676 ὡς
108 1633 252 1679 μέτρον.
292 1634 326 1668 h.
345 1646 374 1668 e.
400 1634 499 1676 tanti,
523 1639 651 1678 quanta
675 1638 728 1666 est
747 1644 841 1666 men-

35 1693 118 1716 sura
142 1680 191 1714 sic
207 1679 395 1725 appellata.
431 1679 509 1714 libri
530 1679 651 1712 menda
669 1678 840 1712 tralaticia

35 1728 87 1771 (v.
112 1724 154 1770 ξ’,
178 1728 246 1762 388
271 1726 374 1769 etc.)·
408 1736 482 1761 τοσ.
506 1726 568 1760 καὶ
591 1724 744 1769 μέτρον,
776 1736 839 1768 pe-

31 1774 159 1818 jusque
182 1772 283 1806 etiam
316 1772 355 1807 B.
379 1775 474 1806 Am.:
510 1773 572 1806 καὶ
603 1772 751 1814 μέτρου.
800 1770 838 1803 11.

35 1819 64 1863 χ’
77 1845 89 1861 ,
111 1818 210 1854 494.:
251 1818 325 1852 τῶν
357 1815 396 1852 δ’
429 1816 652 1861 ἐλεησάντων
681 1815 839 1858 κοτύλην

35 1877 92 1905 τις
114 1863 258 1900 τυτθὸν
280 1862 424 1908 ἐπέσχε,
458 1864 518 1898 ubi
543 1876 574 1896 v.
599 1875 675 1898 ann.
687 1889 698 1907 ‚
735 1867 770 1895 et
793 1863 838 1895 cf.

35 1911 87 1955 ρ’,
113 1913 168 1947 12.
217 1912 302 1956 Apa
336 1908 481 1954 κοτύλη.
516 1922 592 1944 παν
624 1909 667 1944 τό
702 1911 838 1943 κοῖλον.

38 1957 57 1993 ὁ
85 1955 126 1992 δὲ
147 1955 299 1998 Ἀπίων,
322 1955 367 1991 w*
393 1960 520 1992 κοῖλον
543 1956 609 1999 τῆς
631 1955 762 2012 χειρός.
794 1954 839 1988 cf.

37 2005 141 2038 Schn.
161 2003 195 2036 b.
215 2015 247 2038 v.
272 2022 314 2028 —
348 2005 420 2038 Am.
439 2003 485 2044 Q.
506 2002 616 2036 etB.:
640 2002 837 2044 πύρνον.

34 2051 77 2086 τὸ
99 2047 168 2105 μὲν
189 2049 293 2094 γένος
323 2049 454 2092 (utrum
482 2052 595 2082 rectus
627 2048 672 2081 sit
701 2046 841 2091 πύρνος

35 2108 79 2130 an
100 2094 275 2139 πύρνον.)
310 2095 450 2140 ἄδηλον
481 2093 585 2137 παρὰ
617 2095 670 2140 τῷ
691 2093 839 2148 ποιητῇ.

36 2140 202 2199 (ἄλλως.)
241 2140 381 2186 πύρνος
418 2141 491 2177 ἐστὶ
522 2139 675 2184 πύρινος
707 2139 842 2195 ψωμὸς

35 2186 108 2223 ἀπὸ
141 2189 211 2224 τοῦ
240 2187 379 2233 πυρὸς,
409 2185 430 2223 6
463 2190 575 2228 σῖτος.
621 2188 675 2221 E:
708 2187 776 2223 τοῦ
800 2182 841 2220 δὲ

35 2233 217 2277 πύρνον
240 2234 283 2270 τὸ
307 2234 410 2288 γένος
432 2233 572 2277 ἄδηλόν
597 2226 841 2290 qmmv‘ou-

37 2281 72 2317 εἰ
106 2278 147 2315 δὲ
180 2279 244 2316 και
282 2279 447 2335 πύρνα
469 2278 620 2324 εὕρηται
652 2277 754 2322 παρὰ
788 2279 842 2320 τῷ

35 2326 172 2372 ποιητῇ
196 2324 260 2370 (ρ’,
282 2327 391 2370 362),
424 2322 671 2361 ὑποπτεύεται
693 2325 754 2360 καὶ
778 2323 839 2361 οὗ·

37 2385 108 2415 τως
141 2372 165 2418 ἡ
199 2373 310 2415 λέξις,
345 2371 396 2428 μή
429 2385 518 2408 ποτε
547 2370 840 2416 μεταπέπλασται

39 2417 91 2460 ὥς
112 2419 160 2454 τὰ
185 2417 371 2461 σταθμοὶ
396 2419 517 2460 (Rhea.
535 2419 620 2462 41‚)
644 2432 676 2453 κ.
701 2417 748 2452 τοὶ
772 2417 839 2454 κέ-

0 2468 1 2480 *
39 2468 192 2501 λευθα
216 2463 280 2508 (γ’,
301 2465 343 2500 71
367 2467 465 2509 etc),
488 2479 519 2500 κ.
539 2464 586 2501 ταὶ
611 2463 762 2508 δεσμοὶ
783 2465 838 2507 (in

40 2512 174 2555 hymnis
189 2511 312 2551 nom&
336 2511 548 2555 δέσματα
571 2513 643 2565 ipse
661 2511 760 2545 Hom.
785 2510 838 2543 di-

40 2559 92 2592 xit
122 2557 181 2600 α’,
204 2556 283 2592 204
307 2561 343 2590 et
365 2557 441 2591 aliis
475 2558 643 2592 nonnullis
672 2557 706 2589 in
740 2557 838 2597 locis,

39 2605 174 2649 saepius
198 2606 310 2636 autem
335 2603 588 2659 δεσμούς),
620 2616 652 2639 κ.
683 2602 731 2637 τοὶ
763 2615 839 2637 τοι-

39 2651 150 2685 αὕτα.
196 2647 288 2692 λέγει
311 2647 352 2684 δὲ
376 2648 558 2707 πύρνον
582 2646 647 2685 τὸν
669 2647 839 2692 πύρινον,

41 2707 62 2730 ο
94 2694 171 2732 ἐστι
192 2696 356 2738 σίτινον,
390 2694 503 2739 ἄρτον
535 2692 557 2740 ἢ
590 2695 735 2750 ψωμὸν
746 2693 840 2729 κατὰ

39 2741 130 2797 τρύς
161 2739 355 2782 παλαιούς.
403 2744 468 2787 Ap.
500 2743 647 2777 emend..
684 2740 840 2797 πύρνον.

41 2786 110 2832 τὴν
131 2788 362 2829 σιτοδοσίαν,
385 2787 538 2845 τροφήν,
560 2787 661 2831 παρά
683 2786 748 2822 τὸν
771 2800 841 2821 πν-

41 2833 120 2877 ρόν.
154 2833 173 2870 6
198 2833 238 2869 δὲ
262 2830 389 2869 Ἀπίων
410 2834 457 2869 τὰ
472 2833 539 2878 μὲν
559 2833 708 2889 πύρνα
731 2835 842 2873 σιτία,

39 2879 108 2916 τὸν
130 2880 170 2916 δὲ
194 2878 374 2922 πύρνον
397 2880 542 2926 ψωμόν.
561 2901 608 2906 -
632 2877 846 2935 6veiatoe4

43 2925 518 2972 α’,148,κ’,9οιο.-
561 2926 611 2960 E:
641 2919 846 2962 rhaban

540 129 1107 171 ΟΔΤΣΣΕΙΛΣ
1162 133 1211 174 0.

1607 132 1691 174 229

226 238 275 289 ὅς
304 238 352 281 κέ
379 254 430 294 με
457 236 569 282 κεῖσ’
601 236 750 295 α’γάγῃ.
797 237 907 282 κατὰ
937 239 983 282 δὲ
1010 237 1164 281 πτόλιν
1194 238 1327 291 αύτὸς
1354 238 1521 310 ἀνάγκη

222 294 486 366 πλάγξομαι,
518 296 567 338 αἴ
592 297 667 338 κέν
696 312 759 346 τις
786 294 976 363 κοτύλην
1003 295 1076 337 καὶ
1103 294 1272 347 πύρνον
1301 296 1448 353 ὀρέξῃ

220 353 293 394 καί
321 350 366 394 κ’
401 350 544 394 ἐλθών
572 351 682 405 πρὸς
710 350 877 406 δώματ’
906 348 1138 405 Ὀδυσσῆος
1166 354 1307 395 θείοιο

219 407 419 463 ἀγγελίην
451 409 615 461 εἴποιμι
644 409 875 461 περίφρονι
907 406 1199 475 Πηνελοπείῃ·

107 466 189 509 315
217 466 292 506 καί
319 478 367 506 κε
392 462 708 518 μνηστήρεσσιν
734 462 1046 533 υπερφιοέλοισι
1070 463 1252 534 μιγείην,

221 521 261 563 εἴ
286 536 362 588 μοι
391 523 569 563 δεῖπνον
599 522 740 573 δοῖεν,
770 517 945 563 ὀνείατα
973 517 1096 574 μυρί’
1099 518 1302 590 ἔχοντες.

219 575 326 627 αἶψά
358 592 432 619 κεν
461 577 510 620 εὐ
539 574 725 630 δρώοιμι
753 575 859 629 μετὰ
889 576 1060 630 σφίσιν,
1096 572 1186 618 ὅττ’
1215 574 1419 627 ἐθέλοιεν

215 631 261 675 ἐκ
289 631 373 687 γάρ
403 649 474 681 τοι
500 632 628 687 ἐρέω,
656 632 710 676 σύ
740 615 787 675 δὲ
817 630 1004 682 σύνθεο,
1032 632 1107 674 καί
1133 646 1215 698 μευ
1247 629 1460 675 ἄκουσον·

210 686 409 758 Ερμείαο
439 689 556 743 ἕκητι
584 688 843 743 διακτόρου,
875 687 924 739 ὅς
953 686 1008 742 ῥά
1037 702 1081 729 τε
1109 686 1289 729 πάντων

101 749 184 790 320
213 743 462 798 ἀνθρώπων
492 746 663 814 ε’ργοισι
685 744 813 801 χάριν
842 745 916 787 καὶ
945 744 1081 792 κῦδος
1109 740 1266 795 ὀπάζει,

213 801 488 874 δρηστοσύνῃ
518 800 600 845 οὐκ
634 800 690 844 α’ν
717 818 794 856 μοι
821 799 1016 867 ἐρίσσειε
1029 797 1185 852 βροτὸς
1215 798 1360 851 ἄλλος,

213 860 300 913 πῦρ
330 856 374 901 τ’
403 854 454 902 εὖ
482 861 662 914 νηῆσαι,
694 858 767 900 διά
794 871 838 900 τε
867 854 975 908 ξύλα
1005 853 1118 899 δανὰ
1147 854 1339 907 κεάσσαι,

886 1035 1095 1080 δρώοιμι
1118 1031 1202 1070 ἀντὶ
1237 1035 1308 1070 τοῦ
1330 1033 1566 1078 διακονοίην,
1596 1032 1691 1078 151⁷,-

888 1084 1045 1127 ρετοίην.
1094 1082 1210 1137 δρᾷν
1236 1079 1306 1126 γὰρ
1330 1080 1371 1116 τὸ
1395 1080 1608 1125 ὑπηρετεῖν,
1630 1079 1691 1115 καὶ

885 1128 978 1182 μετιὶ
1002 1142 1049 1172 πρ
1054 1118 1213 1166 οθέσέως
1236 1140 1325 1170 παρ
1337 1128 1484 1173 αδραν
1510 1125 1635 1170 (324),
1659 1139 1690 1160 κ.

885 1142 1110 1220 ὑποδρᾷν
1136 1174 1232 1215 (333.
1268 1173 1312 1208 cf.
1336 1162 1455 1215 336),
1479 1186 1509 1207 κ.
1537 1173 1692 1215 δραστῆ-

886 1231 945 1262 ρες
969 1209 1248 1273 (δρηστῆρες
1271 1217 1330 1259 π’,
1355 1220 1441 1261 248,
1467 1218 1516 1261 σ’,
1540 1220 1596 1254 75.
1644 1217 1690 1252 cf.

885 1264 927 1306 τ’,
948 1266 1047 1309 345)
1074 1278 1110 1300 οι
1134 1263 1376 1320 θεράποντες,
1400 1278 1432 1299 κ.
1459 1263 1691 1309 δρήστεια

884 1311 925 1346 τὸ
950 1310 1086 1346 τούτου
1111 1309 1298 1366 θηλυκὸν,
1324 1324 1355 1344 κ.
1381 1310 1624 1355 δρηστοσυ
1638 1323 1689 1355 νη

885 1359 1012 1402 (321),
1052 1355 1149 1392 καθ’
1182 1353 1383 1402 ὁμοιότητα
1414 1358 1481 1393 τοῦ
1519 1360 1691 1392 παλαι-

886 1403 1097 1461 σμοσύνη
1121 1402 1190 1447 (θ’,
1204 1404 1375 1447 103etc.)‚
1395 1401 1417 1446 ἡ
1437 1402 1590 1447 ταπεινὴ
1609 1404 1690 1436 δια-

883 1451 1010 1490 novt«,
1035 1448 1161 1504 ἤγουν
1172 1449 1214 1485 τὸ
1238 1450 1312 1495 πῦρ
1336 1448 1493 1505 ἀνάψαι,
1518 1449 1578 1484 καὶ
1602 1447 1692 1503 ξύλα

886 1495 1035 1538 κεάσαι,
1061 1510 1091 1531 κ.
1117 1509 1163 1530 τα
1186 1496 1289 1540 ἑξῆς,
1320 1493 1370 1536 ὦς
1393 1498 1500 1541 δηλοῖ
1521 1496 1580 1530 καὶ
1607 1491 1626 1531 6
1651 1508 1689 1529 π-

888 1543 1138 1601 (323—323.)
1175 1541 1216 1576 τὸ
1251 1540 1291 1576 δε
1315 1539 1534 1598 Ερμείαο
1562 1541 1691 1584 ἕκητι

888 1587 970 1624 ἀντὶ
994 1590 1062 1622 τοῦ
1085 1586 1150 1622 διὰ
1181 1587 1246 1624 τὸν
1264 1586 1416 1645 Ερμῆν.
1464 1586 1577 1627 αύτὲς
1610 1586 1691 1644 γάρ,

888 1633 971 1688 οὐχ
982 1647 1031 1674 ως
1055 1632 1199 1676 λόγιος,
1234 1632 1322 1669 οὐδ’
1348 1633 1397 1677 ὡς
1421 1633 1641 1675 ἕμπολαῖος,
1667 1645 1688 1676 η

886 1678 1058 1736 στρόφις,
1093 1677 1116 1724 ἤ
1141 1693 1176 1715 τι
1199 1681 1392 1723 τοιοῦτον,
1428 1678 1509 1716 αλλ’
1535 1693 1584 1720 ως
1607 1691 1690 1723 κερ-

885 1729 1003 1773 δῷος,
1027 1723 1050 1770 ἢ
1070 1725 1135 1759 καὶ
1161 1723 1375 1769 διάκτορος,
1400 1725 1605 1762 ἐπιστατεῖν
1628 1728 1689 1760 60-

885 1777 943 1808 κεῖ
972 1775 1053 1812 ταῖς
1076 1771 1271 1815 ῥηθείσαις
1299 1771 1539 1830 ὑπουργίαις,
1571 1786 1600 1806 κ.
1626 1784 1689 1815 χα-

884 1823 1008 1862 ριέντα
1039 1821 1139 1853 ποιεῖ
1169 1818 1215 1852 τά
1239 1816 1322 1853 κατ’
1355 1817 1473 1854 αυτόν
1497 1816 1690 1854 διακονικὰ

885 1863 1120 1907 δουλεύματα
1155 1866 1356 1921 (perperam
1392 1866 1513 1899 codd*
1556 1866 1688 1910 βουλ..)

884 1912 946 1947 καὶ
971 1913 1068 1946 ’ἐστιν
1090 1909 1223 1954 ὅμοιον
1245 1910 1288 1945 τὸ
1307 1913 1435 1953 εἰπεῖν,
1460 1925 1508 1952 ως
1522 1908 1690 1967 Ερμείον

886 1958 990 2012 ἕκητι
1008 1955 1211 1999 ὑπουρικός
1232 1957 1351 2000 (codd.
1369 1958 1503 2002 inepte:
1528 1955 1617 2001 varj)
1641 1957 1690 1991 εἰ·

885 2018 938 2049 μι,
963 2017 1011 2044 ως
1038 2004 1073 2039 εἰ
1094 2004 1155 2038 καὶ
1180 2003 1200 2038 6
1224 2003 1421 2047 πολεμικὸς
1436 2003 1560 2047 ’Ἄρεος
1582 2003 1690 2057 χάριν

885 2052 1056 2089 τοιοῦτος
1091 2047 1186 2084 εἶναι
1218 2049 1323 2095 ειπῃ,
1367 2050 1429 2084 καὶ
1463 2048 1482 2086 6
1516 2047 1690 2093 μουσικὸς

885 2095 1108 2136 ’Λπόλλωνος
1131 2094 1240 2140 ἕκητι.
1263 2115 1307 2120 -
1346 2095 1540 2131 σύνθεο.
1565 2096 1621 2131 27.
1644 2113 1689 2119 —

888 2141 1164 2187 διάκτορος,
1175 2142 1394 2196 διοικητοῦ.
1428 2154 1460 2176 v.
1483 2154 1554 2176 ann
1581 2143 1623 2175 ad
1651 2142 1688 2175 ll.

887 2189 940 2236 β’,
976 2189 1052 2223 103.
1077 2207 1120 2213 -
1172 2183 1221 2228 ὃς
1245 2207 1288 2212 --
1314 2186 1488 2229 ὀπάζει.
1536 2187 1689 2221 similiter

887 2233 1058 2269 Pindarus
1083 2233 1282 2267 Gratiarum
1317 2235 1502 2290 potentiam
1527 2233 1690 2267 describit

888 2281 1026 2335 01)ιιιρ.
1061 2281 1122 2322 14,
1152 2279 1203 2314 6.:
1250 2291 1319 2314 συν
1352 2279 1420 2339 γάρ
1451 2277 1539 2324 ὑμῖν
1573 2278 1620 2314 τά
1651 2291 1689 2314 τε

886 2339 1024 2370 τερπνα
1047 2338 1108 2359 και
1138 2323 1194 2359 Τα
1219 2325 1350 2380 γλυκέα
1383 2329 1542 2371 γίγνεται
1564 2325 1689 2361 πάντα

885 2375 1069 2430 βροτοῖς,
1093 2371 1144 2405 Εἰ
1171 2369 1307 2416 σοφὸς,
1343 2373 1378 2407 εἰ
1406 2373 1536 2413 καλὸς,
1572 2373 1688 2411 εἴτις

886 2417 1023 2474 ἀγλαός
1046 2414 1151 2460 ανήρ.
1174 2436 1218 2442 -
1253 2420 1326 2452 Αιιι.
1350 2419 1389 2452 Β.
1414 2424 1448 2452 et
1471 2419 1549 2451 Sch.
1565 2430 1572 2450 ε
1596 2418 1687 2460 πῦρ

883 2465 921 2500 τ’
956 2477 1001 2499 ευ
1035 2465 1213 2507 νηῆσαι
1254 2462 1325 2507 (τ’,
1350 2465 1416 2506 64,
1447 2464 1488 2498 11.
1522 2462 1564 2506 ι’,
1592 2465 1688 2506 137).

885 2509 975 2554 ξύλα
1003 2511 1184 2553 σωρεῦσαι
1204 2508 1323 2545 ’ἕνεκεν
1345 2511 1413 2545 τοῦ
1432 2512 1505 2551 πῦρ
1522 2511 1688 2554 ποιῆσαι.

885 2577 930 2582 -
966 2555 1038 2591 διὰ
1063 2554 1340 2591 -κεοὶσσαι.
1380 2554 1431 2599 ξ’,
1456 2557 1522 2591 418
1544 2562 1610 2589 etc.
1643 2575 1686 2580 —

886 2601 1017 2639 δανά.
1059 2601 1222 2636 τουτέστι
1247 2600 1341 2646 ξηρα
1362 2616 1393 2637 κ.
1422 2600 1612 2645 ἐπιτήδεια
1636 2601 1688 2640 εἰς

886 2649 928 2684 τὸ
955 2649 1151 2689 δαίεσθαι,
1175 2648 1283 2692 inquit
1299 2649 1341 2687 E,
1366 2659 1553 2681 memorans
1577 2652 1613 2680 et
1636 2647 1686 2679 al-

886 2701 993 2729 teram
1016 2693 1240 2737 scripturam,
1276 2694 1477 2727 deteriorem
1498 2693 1586 2726 illam
1613 2691 1686 2737 qui-

887 2743 974 2778 dem,
999 2738 1127 2780 πολλὰ,
1153 2751 1250 2783 quam
1268 2739 1417 2773 ostendit
1442 2742 1480 2772 A.
1501 2741 1534 2773 2.
1570 2737 1684 2781 Etym.

887 2787 937 2821 M.
962 2788 996 2819 1».
1020 2798 1052 2819 v.
1108 2785 1210 2827 παρὰ
1235 2784 1276 2819 τό
1301 2784 1390 2829 ὁὴν,
1424 2784 1466 2819 τὸ
1491 2784 1549 2818 ἐπὶ
1569 2784 1687 2819 πολύν

887 2831 1033 2878 χρόνον,
1057 2832 1196 2887 γίνεται
1213 2830 1348 2871 δανα,
1370 2829 1415 2864 τοὶ
1438 2830 1500 2865 δια
1519 2829 1584 2865 τὸν
1602 2828 1687 2873 χρό-

888 2892 954 2914 νον
977 2878 1090 2922 ξηρά·
1128 2874 1150 2921 ἢ
1175 2889 1277 2919 παρα
1301 2877 1340 2911 τὸ
1367 2877 1482 2918 δαίω,
1514 2874 1557 2910 τό
1581 2877 1685 2915 καίω,

885 2926 1020 2968 (recte)
1053 2922 1100 2958 τὰ
1140 2923 1193 2964 εἰς
1223 2923 1354 2959 καῦσιν
1382 2921 1591 2967 ἐπιτήδεια,
1626 2918 1685 2957 εὖ·
