1846 3282
43 750 123 779 κον,
141 737 265 783 νέμειν
284 743 363 796 τοῖς
382 704 676 784 ιῖγωνιζοιιένοις
690 755 735 762 -
758 749 853 778 κρι-

42 786 120 819 τοὶ
146 784 187 820 δὲ
211 787 269 828 (ΙΙ
293 786 340 831 η’,
364 787 463 829 434.)
496 786 686 821 ἐπίλεκτοι.
709 801 754 808 -
797 785 850 817 le-

43 831 144 864 xicon
171 833 319 866 Bekker.
345 845 379 878 p.
405 833 506 867 359..
542 830 787 888 αἰσυμνῆται,
815 829 851 863 οἱ

42 879 111 911 τοῦ
149 877 294 923 α’γῶνος
326 879 572 923 προεστῶτες,
609 874 634 933 ἠ’
660 886 696 909 οι
728 876 850 918 (scrib.

43 935 138 967 ητοι.
186 928 251 969 Ap.
278 925 311 958 h.
337 937 370 958 V.
431 924 466 959 οἱ
500 925 567 958 τοῦ
593 921 738 967 οἷγῶνος
760 935 850 964 προ-

28 981 204 1010 ·εστωτες
235 949 402 1011 νεανίαι,
453 969 569 1005 οἱονεὶ
610 969 850 1014 βραβευταί.)

39 1019 196 1051 νεανίαι.
233 1014 258 1059 ἦ
283 1017 317 1052 οὶ
342 1017 515 1060 νεμηταὶ,
548 1013 568 1050 ό
593 1016 667 1051 ἐστι
692 1016 848 1060 βραβευ-

39 1069 100 1097 ται
131 1062 193 1097 καὶ
226 1060 248 1106 ἢ
276 1061 367 1098 δύοι
393 1065 460 1098 τοῦ
493 1063 618 1097 αἰσίου
645 1060 847 1119 βραβευταὶ

36 1107 186 1151 ἑκάστῳ.
223 1115 398 1154 postrema
417 1109 466 1144 ita
482 1109 697 1154 scripserim·
724 1106 745 1141 ό
772 1106 848 1141 ἐστι

35 1156 113 1213 βρ.,
146 1168 262 1200 ηγουν
299 1155 363 1190 διὰ
397 1153 438 1190 τὸ
484 1155 607 1190 αἴσιον
641 1154 848 1212 βραβεῦσαι

34 1200 187 1246 ἑκάστῳ.
234 1201 294 1236 καὶ
321 1209 431 1235 ortum
455 1202 593 1234 videtur
618 1214 636 1234 e
662 1201 748 1234 -ταὶ
774 1201 847 1244 syl-

35 1247 135 1289 laba,
173 1259 260 1292 quae
285 1247 481 1289 antecedit,
516 1248 608 1291 quod
633 1259 742 1291 genus
767 1257 847 1279 cor-

33 1293 202 1339 ruptionis
227 1293 345 1338 tetigit
367 1294 504 1327 Jacobs.
536 1304 612 1325 ann.
638 1294 680 1326 ad
707 1292 844 1326 Authol.

32 1339 267 1385 Pa1.p.164.
317 1340 359 1373 de
386 1342 626 1384 αἰσυμνητειά
650 1340 723 1372 sive
744 1338 843 1379 αἱρε-

32 1387 79 1432 τῇ
114 1387 308 1430 τυραννίδι
342 1387 509 1429 (Aristot.
546 1386 646 1418 Polit.
681 1386 726 1428 3,
756 1385 843 1426 10)

32 1433 192 1473 Aeolum,
225 1432 362 1473 ionum,
400 1431 708 1475 Mytilenaeorum,
742 1442 775 1464 v
806 1430 843 1463 N

31 1485 89 1520 et,
115 1489 202 1523 quos
227 1478 392 1516 laudavit,
419 1478 584 1510 Ebertum
609 1479 766 1510 Dissertt.
785 1473 841 1508 Si-

30 1526 96 1557 cul.
122 1536 154 1570 p.
184 1526 236 1563 16,
260 1525 305 1558 24
326 1548 336 1565 ,
363 1524 597 1556 WVachsmuth
622 1524 755 1555 Hellen.
777 1524 840 1555 Al-

29 1570 132 1604 tercia.
169 1573 208 1610 1,
237 1572 266 1603 1.
303 1581 335 1614 p.
362 1571 465 1609 900,
502 1570 542 1602 C.
580 1569 617 1601 F.
649 1569 837 1602 Hermann.

31 1616 168 1649 Griech.
194 1615 457 1649 manualem-‚th
483 1617 514 1657 §-
534 1616 590 1650 63.
613 1632 655 1639 -
696 1614 713 1649 ε’
723 1627 743 1647 ν
757 1613 806 1648 νέ
814 1627 840 1648 α

27 1661 216 1702 πάντες.
251 1674 284 1695 ν.
310 1659 349 1702 ε’,
374 1662 516 1696 2:14.—
559 1658 747 1704 δήμιοι,
769 1672 838 1703 pu-

28 1709 119 1742 buci.
152 1707 203 1753 γ’,
229 1709 274 1743 82
297 1714 363 1742 etc.
413 1707 468 1741 Ε·
501 1704 570 1750 ὅρα
597 1706 753 1750 ὁρισμὸν
776 1705 835 1741 ἐν-

26 1756 157 1790 ταῦθα
187 1757 262 1789 τῶν
272 1754 523 1797 ἀἰσυμνητιόν
547 1756 740 1788 τοιοῦτον·
775 1754 834 1787 αἰ-

29 1800 213 1858 συμνήτης
229 1799 326 1836 ἐστὶν
345 1798 440 1844 ἀνήρ
459 1799 581 1841 κριτὸς
602 1799 675 1835 ὑπὸ
697 1799 836 1856 δήμου,

28 1842 70 1882 εὖ
112 1849 286 1902 πράσσων
308 1845 742 1904 (ἐϋπρήσσεσκον)
785 1846 833 1880 τοὶ

27 1894 121 1928 narei
143 1908 210 1930 του
215 1907 232 1933 ς
247 1892 403 1936 ἀγῶνας.
429 1896 465 1927 τί
485 1894 524 1928 δέ
543 1892 652 1935 ἐστιν,
676 1890 696 1928 ὃ
713 1892 833 1936 πράσ-

27 1951 153 1981 σοντες
173 1936 212 1977 εὖ
237 1939 342 1977 οὗτοι
361 1942 615 1980 διατίθενται;
639 1942 835 1996 λειηναν

26 2006 71 2012 ——
95 1985 266 2032 ἀγῶνα.
285 2006 331 2011 —-
355 1986 523 2042 δήμιοι
543 1984 582 2020 δὲ
603 1986 636 2021 οἱ
655 1986 721 2029 μὲν
739 1983 834 2028 μεθ’

14 2030 190 2078 Ὀμηρον
212 2037 382 2070 κολασταὶ
409 2032 607 2068 σωμάτων·
634 2033 670 2067 οὶ
698 2031 736 2067 δὲ
761 2045 834 2067 πα-

22 2081 119 2115 λαιοὶ
147 2081 272 2127 ἐκλογή
300 2080 420 2124 δήμου
451 2077 542 2125 ἦσαν
576 2077 767 2114 ἐπαινετέα
798 2093 832 2113 κ.

24 2125 186 2170 ἔνδοξος.
216 2147 259 2153 -
303 2125 353 2166 ὡς
377 2125 416 2160 ἐν
439 2130 518 2166 τοῖς
540 2126 622 2170 ἑξῆς
658 2125 727 2169 (ρ’,
752 2126 835 2166 383,

21 2171 66 2215 τ’,
92 2176 188 2218 135)
223 2174 258 2209 οἱ
290 2174 580 2218 δημιοεργοὶ
615 2170 836 2216 δηλώσουσι.

26 2237 66 2246 -
95 2223 166 2256 Am.
184 2221 223 2254 Β.
244 2222 355 2255 ειΕΑ
381 2223 484 2265 λείη
494 2233 577 2253 ναν
603 2219 649 2254 δὲ
673 2217 833 2264 χορόν.

0 2265 110 2320 J(,‚v.
134 2266 174 2300 ll.
200 2266 241 2308 σ’,
260 2269 338 2302 590.
362 2267 465 2301 Paua.
462 2234 518 2307 η,3
542 2268 595 2306 11,
620 2268 673 2300 7.
702 2267 829 2307 Σπαρ-

22 2324 168 2352 τιαταις
193 2312 231 2348 δὲ
255 2313 314 2348 ἐπὶ
337 2315 401 2357 τῆς
420 2312 555 2369 ἀγορᾶς
581 2313 767 2351 Πιθαέως
790 2310 832 2346 τέ

22 2355 119 2399 ἐστι,
144 2372 177 2393 κ.
198 2357 438 2401 Ἀπόλλωιος,
472 2373 502 2394 κ
528 2357 763 2415 Ἀρτέμιδος,
794 2373 828 2391 κ.

24 2406 191 2461 Λητοῦς,
220 2404 420 2449 ἀγάλματα.
467 2406 610 2462 χορὸς
643 2404 682 2440 ὁὲ-
718 2402 831 2444 οὗτος

22 2447 44 2485 ὁ
68 2450 182 2491 τόπος
213 2455 374 2486 καλεῖται
396 2453 489 2493 πᾶς,
515 2465 571 2486 οτι
596 2451 634 2486 ἐν
659 2455 739 2492 ταῖς
764 2463 830 2494 γυ-

19 2500 261 2553 μνοπαιδίαις
281 2517 325 2524 -
346 2498 382 2533 οὶ
404 2497 538 2545 εφηβοι
555 2498 688 2542 χορούς
709 2499 830 2532 ἱστασι

19 2545 71 2650 ξρ
96 2540 320 2580 Ἀπόλλωνι.ι
325 2546 390 2577 “Ε
418 2546 478 2589 Ν.)
524 2545 565 2580 τὸ
598 2549 753 2590 χωρίον
787 2542 828 2577 ἐν

86 2589 232 2635 ἔμελλον
265 2588 476 2635 ὀρχεῖσθαι,
505 2592 615 2634 χορὸν
646 2591 826 2630 ἐκάλεσεν,

21 2636 73 2679 ὥς
97 2639 158 2672 καὶ
190 2636 458 2682 εὐρύχορον
482 2639 828 2695 Λακεδαίμονα

19 2680 94 2728 (ν,
117 2683 197 2719 414
243 2685 287 2718 cf.
312 2695 389 2718 aim.
424 2684 467 2717 ad
494 2683 531 2716 ΙΙ
557 2684 611 2741 β’,
635 2685 753 2728 498..)
803 2681 828 2727 ἢ

21 2729 227 2776 ὁμωνυμως
256 2729 295 2765 ἐν
329 2727 358 2777 ᾧ
385 2729 526 2773 ἔμελλεν
561 2729 580 2766 ὁ
610 2729 718 2774 χορὸς
744 2729 827 2774 ἐφί-

19 2779 200 2822 στασθαι,
236 2775 285 2817 ὠς
316 2790 347 2811 κ
385 2775 575 2821 Ἀθηναῖοι
591 2776 723 2831 ἰχθύν
759 2775 826 2810 τόν

18 2826 152 2880 τόπον,
189 2821 285 2859 ὅπου
310 2822 552 2867 πιπράσκεται
585 2819 603 2857 6
629 2822 758 2878 ἰχθύς,
793 2836 824 2858 κ.

18 2869 138 2914 μύρα,
162 2885 194 2906 κ.
216 2871 399 2914 κρόιιμυα.
443 2870 687 2913 ΙΙῙὲνανδροςἹ
713 2866 822 2903 ανά-

17 2917 185 2960 μεινόν
208 2930 260 2961 με
285 2917 398 2958 πρὸς
423 2920 457 2951 '1
465 2915 676 2951 ουλαιον.
702 2916 746 2948 cf.
767 2914 820 2955 1⁴3..

537 93 1125 137 ΟΔΤΣΣΕΙΑΣ
1181 94 1228 134 Θ.

217 431 488 490 Δημοδόκω·
522 430 546 474 ὁ
578 429 618 474 6'
651 432 796 474 επειτα
825 427 889 472 κί’
919 429 962 479 ἐς
993 428 1138 482 μέσον.

215 492 449 544 πρωθῆβαι
479 489 677 537 ἵσταντο,
709 485 925 541 δαήμονες
954 484 1222 556 ὀρχηθμοῖο,

215 549 436 601 πέπληγον
465 544 510 587 δὲ
539 542 676 599 χορόν
704 548 829 586 θεῖον
857 543 1013 585 ποσίν
1046 540 1182 592 αὐτὰρ
1212 539 1450 593 Ὀδυσσεύς

101 607 184 649 265
212 601 500 660 μαρμαρυγὰς
528 605 677 656 θηεῖτο
706 601 882 650 ποδῶν,
911 597 1111 654 θαύμαζε
1141 597 1188 640 δὲ
1217 601 1360 655 θυμῷ.

1628 97 1715 137 255

219 209 481 279 αἰσυμνῆται
511 204 558 247 δὲ
585 204 735 275 κριτοὶ
767 201 891 248 ἐννέα
921 200 1081 251 πάντες
1110 198 1296 245 α’νέσταν

148 300 164 306 -
218 263 388 318 δήμιοι,
424 265 468 304 οι
497 259 595 304 κατ’
629 261 802 317 ἀγῶνας
831 259 1182 328 ἐῦπρήσσεσκον
1188 258 1367 301 ἕκαστα·

105 327 188 367 260
215 325 392 375 λείηναν
421 320 468 362 δὲ
496 318 658 372 χορόν,
689 319 826 361 καλόν
861 315 902 359 δ’
935 314 1128 382 εὔρυναν
1158 312 1320 368 ἀγῶνα.

217 376 355 432 κήρυξ
385 374 430 418 δ’
461 375 647 445 ἐγγύθεν
675 369 806 430 ἦλθε,
837 372 986 443 φέρων
1015 369 1241 440 φόρμιγγα
1269 375 1435 424 λιγεῖαν

1199 427 1316 483 ἀμφὶ
1347 429 1393 471 δὲ
1427 433 1584 486 κοῦροι

897 736 1037 785 βουλή,
1069 734 1186 782 αγοροὶ
1219 739 1255 770 et
1278 733 1391 779 ἅγιόν.
1433 734 1494 771 ὃιὸ
1526 749 1705 780 αγωνα,

897 786 1034 841 inquit,
1052 784 1254 818 κάνταῦθα
1275 782 1342 817 τὸν
1359 781 1475 817 τόπον
1495 782 1531 816 λε’
1518 795 1596 826 γει
1623 787 1706 828 περὶ

898 828 942 866 ὀν
961 832 997 866 οἱ
1020 828 1163 865 ἄεθλοι.
1197 830 1238 862 ΙΙ.
1260 829 1314 873 ψ’,
1332 831 1435 864 257³
1460 825 1581 872 αὕταρ
1599 818 1707 874 Ἀχιλ-

896 874 980 917 λευς
1004 876 1127 912 Αὑτοῦ
1151 875 1242 911 λαὸν
1268 876 1389 918 ε’,ρυκε
1415 889 1473 910 και
1501 876 1623 917 ἵζανεν
1647 875 1707 912 εύ-

897 922 968 968 ρύν
992 923 1036 967 ἀγ
1041 926 1131 958 ῶνα.
1177 923 1264 956 idem
1292 923 1348 955 hic
1369 923 1500 955 faciunt
1523 924 1707 967 αἰσυιινῆ-

895 985 958 1006 ται
981 971 1043 1006 illi.
1066 989 1110 995 —
1151 970 1428 1012 πρωθῆβαι.
1461 967 1515 1009 α’,
1541 970 1707 1004 431etc.

895 1037 940 1043 —-
971 1017 1214 1061 πέπληγον
1239 1015 1404 1059 χορὸν,
1428 1016 1617 1058 pulsabant
1638 1017 1708 1048 cir-

896 1076 983 1098 cum.
1032 1062 1154 1096 Ε.τό
1180 1061 1421 1116 πέπληγον
1457 1061 1512 1103 (ΙΙ.
1538 1061 1597 1102 π’,
1623 1064 1706 1104 728,

894 1109 955 1154 ψ’,
980 1111 1049 1146 363
1064 1109 1168 1166 etc.)
1203 1106 1335 1142 Ἰώνων
1368 1121 1401 1143 κ.
1437 1109 1706 1165 Συρακουσίων

894 1158 1008 1199 λέξις,
1034 1169 1078 1191 ου
1104 1153 1258 1195 ἐνεστώς
1281 1152 1450 1198 πεπλήγω
1483 1152 1521 1188 ἐκ
1547 1157 1617 1189 τοῦ
1640 1154 1704 1189 πέ-

893 1207 1034 1247 πληγα,
1069 1199 1173 1236 καθοὶ
1206 1201 1245 1236 ἐν
1276 1199 1402 1235 Iatioi&
1436 1199 1505 1256 (β’,
1526 1203 1626 1246 600.)
1659 1200 1702 1236 τὸ

893 1249 1164 1285 ἐκλέλαθον
1208 1245 1509 1290 κιθαριστυν
1558 1247 1597 1282 ἐκ
1633 1250 1703 1282 τοῦ

892 1297 1033 1332 λέλαθα
1057 1294 1202 1329 λελάθω
1228 1298 1294 1327 etc.
1340 1295 1384 1327 cf.
1414 1293 1534 1326 Matth
1565 1305 1597 1339 p.
1623 1294 1702 1329 294.

894 1345 925 1377 1.
949 1343 1002 1376 ed.
1041 1340 1226 1384 adscripsit
1249 1340 1283 1372 N
1308 1340 1392 1374 illud
1415 1340 1598 1383 Sophoclis
1621 1341 1702 1384 Aja-

891 1401 949 1431 ce,
984 1389 1081 1423 65o.:
1118 1384 1303 1430 ὀρχήματ’
1337 1385 1455 1430 ἰάψῃς
1493 1390 1528 1418 et
1563 1386 1701 1430 Virgilii

887 1446 972 1477 pars
1002 1434 1146 1478 pedibus
1176 1433 1356 1488 plaudunt
1384 1434 1525 1465 choreas
1556 1433 1640 1466 Aen.
1667 1435 1701 1474 6,

889 1482 969 1515 634.
987 1500 1033 1505 -—
1074 1476 1410 1534 μαρμαρυγὰς,
1445 1478 1611 1521 micatus,
1646 1479 1700 1512 vi-

888 1528 1054 1560 bramina.
1104 1531 1167 1579 Ap.
1194 1525 1226 1558 h.
1253 1537 1307 1558 v.:
1343 1523 1408 1565 τοὶς
1434 1528 1594 1567 συνεχεῖς
1624 1527 1701 1559 τῶν

887 1574 1015 1607 ποδῶν
1038 1571 1210 1615 κινήσεις.
1252 1584 1285 1604 ν.
1309 1571 1413 1604 Schn.
1438 1583 1468 1604 v.
1490 1573 1698 1615 μαρμαίρω.

887 1619 973 1652 dicit
998 1622 1099 1663 poeta
1125 1617 1311 1662 simplicem
1337 1616 1553 1650 saltationem
1580 1618 1622 1651 ad
1649 1618 1697 1652 ci-

887 1667 1020 1698 tharam
1042 1670 1076 1697 et
1095 1669 1229 1698 cantum
1252 1663 1442 1697 citharoedi
1468 1664 1525 1705 (ΙΙ.
1553 1664 1596 1706 σ’,
1616 1664 1695 1705 604,

887 1714 978 1753 605,
1015 1711 1158 1744 Hesiod.
1191 1710 1287 1743 Scut.
1321 1710 1424 1743 Herc.
1465 1711 1591 1753 286),
1630 1723 1697 1744 non

885 1755 1103 1802 ὑπόρχημα,
1129 1769 1194 1800 quo
1221 1760 1357 1789 cantum
1379 1756 1617 1799 exprimebant
1635 1757 1695 1790 mi-

886 1805 984 1839 mice.
1025 1815 1162 1837 carmen
1187 1802 1230 1835 de
1254 1802 1378 1835 Martis
1403 1802 1494 1835 surto
1518 1802 1546 1835 si
1573 1803 1697 1846 genui-

885 1863 964 1884 num
991 1855 1063 1891 est,
1095 1855 1134 1882 ut
1159 1860 1234 1882 esse
1258 1848 1429 1889 arbitror,
1462 1848 1554 1881 solus
1578 1849 1613 1881 id
1638 1861 1697 1882 ca-

886 1898 937 1931 nit
963 1895 1194 1936 Demodocus,
1231 1901 1409 1939 postquam
1438 1895 1612 1928 Phaeaces
1636 1896 1697 1928 de-

885 1944 1020 1977 sierunt
1043 1942 1181 1975 saltare.
1231 1952 1305 1974 nam
1339 1946 1419 1986 post
1452 1952 1587 1974 versum
1617 1942 1696 1976 265.

884 1989 1087 2023 inserendos
1129 1999 1205 2020 esse
1237 1993 1320 2031 puto
1353 1988 1477 2022 370-
1491 1986 1580 2041 473,
1616 1987 1698 2021 dein

883 2035 1060 2081 ponendos
1093 2034 1293 2069 266-369
1325 2038 1360 2066 et.
1393 2034 1416 2067 3
1451 2032 1606 2087 proxime
1639 2045 1696 2067 se-

883 2088 1050 2127 quentes,
1085 2090 1170 2125 quos
1203 2091 1322 2112 versus
1348 2078 1523 2123 excipiant
1554 2078 1633 2114 474.
1661 2085 1696 2113 et

882 2128 1006 2172 reliqui
1027 2127 1126 2170 hujus
1150 2125 1230 2158 libri
1254 2125 1328 2158 siue
1345 2125 1609 2169 interruptione.
1646 2125 1696 2159 ita

884 2176 970 2207 haec
1005 2178 1085 2217 apte
1123 2172 1328 2212 cohaerent,
1374 2171 1482 2215 primo
1509 2171 1695 2216 juvenibus

882 2220 1065 2253 Phaeaciis
1091 2219 1227 2251 chorum
1247 2217 1466 2260 ducentibus,
1490 2218 1615 2252 deinde
1635 2229 1693 2251 so-

879 2267 921 2300 lis
947 2264 1152 2299 saltantibus
1178 2263 1310 2296 Alcinoi
1343 2263 1445 2304 filiis,
1481 2265 1606 2307 quibus
1631 2275 1693 2297 an-

878 2319 1057 2346 tevertere
1081 2317 1275 2349 cantorem,
1309 2310 1463 2354 quamvis
1498 2310 1694 2343 honoratis-

879 2359 1011 2400 simum,
1040 2357 1128 2389 haud
1153 2356 1277 2395 decet·
1302 2359 1371 2389 tum
1396 2362 1544 2389 canente
1568 2356 1692 2389 Demo-

879 2405 986 2443 doco,
1021 2403 1134 2436 denuo
1160 2401 1344 2446 producto,
1377 2406 1415 2435 ut
1440 2403 1588 2435 futurum
1614 2413 1691 2435 esse

877 2450 932 2495 sig
922 2450 1052 2483 nificat
1077 2459 1135 2481 rex
1162 2449 1262 2488 429..
1288 2447 1378 2480 inter
1403 2448 1542 2491 epulas,
1568 2459 1589 2480 a
1614 2447 1692 2492 qui-

879 2497 940 2529 bus
973 2507 1035 2529 nec
1069 2505 1204 2528 carmen
1238 2493 1373 2538 longius
1405 2494 1592 2535 abhorret,
1626 2505 1689 2527 nec

876 2542 910 2575 in
930 2542 1135 2574 hilaritatem
1151 2541 1319 2584 jocosque
1334 2538 1568 2583 compositum.
1593 2545 1689 2573 certe

877 2588 936 2632 qui
963 2587 1136 2631 Margiten
1161 2587 1312 2630 reperit,
1337 2586 1410 2629 ejus
1435 2597 1476 2618 ne
1499 2586 1585 2619 haec
1610 2585 1687 2630 qui-

876 2635 951 2667 dem
994 2634 1135 2677 indigna
1173 2637 1252 2665 sunt
1287 2643 1345 2667 ιιιι
1350 2642 1427 2664 emo
1460 2636 1564 2675 atque
1598 2637 1687 2673 arte,

877 2679 986 2726 patris
1011 2678 1213 2723 tragoediae
1235 2677 1499 2721 comoediaeque
1523 2682 1558 2711 et
1582 2678 1687 2712 totius

876 2737 1031 2771 poeseos.
1083 2725 1219 2758 suerunt
1254 2729 1367 2756 tamen
1400 2723 1468 2765 jani
1511 2723 1589 2758 olim
1627 2724 1708 2767 (vs

873 2772 978 2805 schol
1017 2771 1146 2804 Comici
1183 2769 1226 2803 acl
1262 2770 1343 2803 Pac.
1376 2770 1498 2812 779.),
1532 2769 1589 2815 qui
1624 2770 1686 2804 da-

873 2822 1026 2851 mnarent
1069 2817 1155 2849 hanc
1201 2813 1429 2848 narrationem
1473 2815 1516 2848 de
1561 2815 1686 2849 Martis

871 2864 1062 2902 amoribus,
1107 2860 1295 2905 illegitimis
1327 2860 1394 2894 illis
1430 2861 1586 2904 quidem,
1623 2862 1684 2896 sed

871 2911 1021 2955 punitis,
1053 2920 1127 2941 cum
1162 2908 1330 2952 impunita
1353 2905 1449 2940 Jovis
1477 2907 1684 2953 aliorumque

16 2963 75 3009 qui
99 2971 275 3011 comparat
295 2964 435 2998 similem
459 2974 554 2996 usum
579 2961 822 2996 vocabulorum
868 2958 1008 2990 deorum
1035 2962 1140 2999 atque
1164 2954 1302 2987 heroum
1328 2952 1421 2987 furtu
1447 2953 1590 2998 plurima
1615 2965 1680 3000 pa-
