1856 3282
553 157 1132 198 ΟΔΤΣΣΕΙΑΣ
1185 158 1239 197 Π.

1632 164 1714 203 261

248 264 409 310 ὁππότε
436 281 511 308 κεν
538 266 816 322 πολύβουλος
843 265 908 308 ἔνι
938 264 1064 320 φρεσὶ
1093 264 1220 319 θήσει
1244 263 1416 322 Ἀθήνη

246 322 386 366 νεύσω
416 322 494 375 μέν
522 339 589 365 τοι
617 323 699 374 ἐγώ
730 326 918 392 κεφαλῃ·
948 321 1002 364 συ
1032 321 1072 363 δ’
1105 322 1246 363 ἔπειτα
1276 325 1449 378 νοήσας,

248 379 355 422 ὅσσα
383 395 452 420 τοι
480 379 526 420 έν
553 377 803 433 μεγάροισιν
833 377 964 432 ἀρήϊα
991 375 1142 431 τεύχεα
1168 383 1314 428 κεῖται,

136 442 216 484 285

246 490 388 534 πάντα
417 489 534 544 μάλ’.

247 435 289 485 ἐς
318 434 459 489 μυχόν
486 435 660 504 υψηλοῦ
690 434 894 489 θαλάμου
921 438 1173 476 καταθεῖναι
1202 432 1348 503 ἀείρας

567 490 722 555 αὐτάρ
753 494 998 546 μνηστῆρας
1028 493 1241 554 μαλακοῖς
1265 490 1430 533 ἐπέεσσι

246 545 531 601 παρφάσθαι,
562 544 634 589 ὅτε
661 548 737 590 κέν
767 559 812 589 σε
841 549 1106 616 μεταλλῶσιν
1133 544 1390 596 ποθέοντες·

246 634 313 675 n„
325 604 372 645 ἐκ
401 606 571 645 καπνοῦ
601 601 830 669 κατέθηκ’,
865 603 953 645 ἐπεὶ
983 601 1126 644 οὐκέτι
1152 605 1293 643 τοῖσιν
1321 603 1453 657 ἐῴκει,

251 656 322 701 οἶά
351 674 453 701 ποτε
482 660 694 727 Τροίηνδε
724 658 832 701 κιών
861 659 1105 702 κατέλειπεν
1129 647 1371 726 Ὀᾇυσσεὺς,

135 723 217 762 290

247 714 355 758 ἀλλὰ
383 713 656 786 κατῄκισται,
687 716 820 759 ὅσσον
846 715 985 768 πυρὸς
1015 711 1116 757 ἵκετ’
1148 710 1302 766 ἀυτμή.

247 771 358 825 πρὸς
388 771 430 814 δ’
462 771 522 813 ἔτι
551 772 622 813 καὶ
651 771 748 814 τόδε
777 776 921 824 μεῖζον
953 770 1012 812 ἐνὶ
1047 770 1176 825 φρεσὶ
1204 773 1315 837 θῆκε
1345 770 1557 822 Κρονίων

247 827 305 882 μή
334 843 424 877 πως
451 827 729 879 οἰνωθέντες,
762 828 853 879 ἔριν
883 825 1115 881 στήσαντες
1143 826 1190 868 ἐν
1219 823 1340 879 ὑμῖν,

248 883 461 938 ἀλλήλους
489 882 700 951 τρώσητε,
733 882 1041 937 καταισχύνητέ
1069 898 1114 925 τε
1144 883 1283 930 δαῖτα,
1438 910 1447 915 ν

119 991 127 996 ⁸
249 940 321 983 καὶ
350 938 565 1011 μνηστύν·
596 937 727 988 αὐτὸς
753 941 835 1006 γὰρ
867 938 1088 992 ἐφέλκεται
1117 937 1259 990 ἄνδρα
1288 938 1476 992 σίδηρος.
1490 941 1552 962 ““

138 1000 219 1043 295
248 999 356 1038 νῶϊν
386 993 430 1037 δ’
465 996 624 1037 οἴοισιν
654 994 734 1036 δύο
766 995 968 1049 φάσγανα
995 1012 1067 1038 και
1098 993 1179 1037 δύο
1214 996 1347 1046 δοῦρε

248 1051 512 1099 καλλιπέειν,
540 1051 612 1092 καὶ
644 1052 742 1093 δοιὰ
773 1051 958 1104 βοάγρια
986 1052 1133 1107 χερσὶν
1163 1050 1349 1100 ἑλέσθαι,

250 1106 308 1157 ὠς
339 1105 394 1148 ἂν
424 1105 709 1156 ἐπιθύσαντες
738 1106 964 1163 ἑλοίμεθα·
996 1109 1098 1158 τούς
1127 1107 1172 1150 δέ
1200 1105 1240 1149 κ’
1272 1105 1415 1149 ε’πειτα

253 1162 426 1212 Παλλὰς
452 1162 654 1232 Ἀθηναίη
683 1162 823 1212 θέλξει
850 1164 925 1204 καὶ
954 1167 1127 1217 μητίετα
1158 1161 1279 1212 Ζεύς.

200 1218 359 1262 *ἄλλο
390 1218 436 1262 δέ
464 1235 532 1261 τοι
559 1217 684 1273 ἐρέω,
715 1217 772 1260 σὺ
801 1215 838 1260 δ’
872 1217 936 1262 ἐνὶ
965 1220 1093 1275 φρεσὶ
1122 1217 1277 1276 βάλλεο
1309 1220 1449 1275 σῇσιν.

83 1367 230 1401 diat-unt.
239 1369 263 1386 “
308 1365 477 1400 en3mvero
501 1366 587 1399 haec
608 1377 718 1409 neque
741 1376 883 1411 magnae

84 1414 135 1447 rei
161 1417 260 1457 sunt,
295 1417 335 1445 et„
358 1423 399 1445 ex
431 1416 583 1466 tempore
619 1412 779 1445 videntur
810 1424 882 1445 mu-

83 1464 156 1493 tata
187 1470 273 1492 esse.
329 1457 378 1491 E:
425 1457 471 1493 ου’
505 1470 570 1500 γαρ
606 1459 769 1492 συνεῖδεν
799 1456 880 1493 ’.06

84 1506 176 1546 νῦν,
208 1503 337 1548 inquit,
370 1503 404 1538 εἰ
424 1503 487 1538 καὶ
510 1501 627 1538 ἄλλων
655 1502 776 1538 ὃπλων
800 1503 883 1548 627}—

83 1563 219 1587 σωνται
240 1548 405 1585 ἐπέκεινα
422 1563 495 1584 των
519 1549 588 1584 δύο
613 1549 825 1594 φασγάνων,
848 1564 879 1584 κ.

83 1595 154 1633 δι”ο
178 1595 388 1639 δουράτεον,
419 1609 450 1631 κ.
485 1594 554 1630 δύο
583 1596 775 1640 βοαγρίων.
823 1594 882 1631 ὅτε

82 1643 209 1688 μέντοι
229 1641 561 1685 προσεπιγένωνται
583 1655 615 1675 κ.
642 1643 677 1677 οὶ
699 1641 769 1677 δύο
795 1643 883 1676 δοῦ-

83 1693 142 1726 λοι
165 1687 433 1747 ἐπαμύντορες,
457 1687 538 1723 τότε
559 1686 752 1743 δεηθέντες
774 1687 883 1723 εὐπο-

84 1734 238 1780 ρήσουσι
260 1733 322 1770 καὶ
342 1732 470 1777 ετέρων
491 1731 626 1772 ὅπλων,
651 1732 700 1774 ὡς
727 1733 770 1768 το“
794 1736 885 1776 πρᾶ-

84 1796 159 1827 γμα
182 1782 344 1817 δίδωσιν.
389 1780 440 1812 his
463 1791 527 1823 ego
553 1780 717 1813 adductus
743 1780 886 1813 rationi-

86 1830 150 1862 bus
173 1826 285 1862 delevi
307 1825 461 1868 uncinos,
485 1837 570 1869 quos
594 1837 657 1859 nec
681 1827 708 1859 B
734 1826 886 1870 impegit.

87 1893 134 1900 —
156 1870 460 1917 παρφάσθαι,
479 1875 716 1913 παραπεῑσαι.
740 1871 785 1917 β’,
809 1873 887 1906 189.

88 1938 134 1946 -·
164 1918 448 1957 ποθέοντες,
484 1918 716 1951 desiderantes
747 1929 806 1950 seu
832 1928 888 1950 re-

87 1964 263 2019 quirentes
286 1975 379 2000 arma
402 1963 472 1996 illa.
496 1982 540 1988 -
579 1963 630 1996 E:
665 1962 706 1998 τὰ
739 1961 784 1998 ἐκ
815 1975 888 1997 κα-

86 2011 211 2048 πνοῦ
236 2009 483 2053 κατέθηκα
507 2006 589 2044 άντὶ
611 2009 677 2044 τοῦ
704 2009 787 2052 ἔξω
811 2021 888 2042 κα-

87 2059 209 2093 πνοῦ
233 2058 289 2113 §V-
306 2055 348 2097 λ’,
368 2056 476 2099 133.,)
502 2056 563 2090 καὶ
588 2053 683 2089 ἔστιν
705 2054 890 2089 α’νάπαλιν

88 2102 180 2160 πρὸς
202 2103 245 2139 τὸ
270 2100 364 2145 ὑπὲρ
384 2103 541 2136 καπνοῦ.
588 2100 704 2137 ἐκεῖνο
731 2099 796 2145 μὲν
820 2099 889 2144 γὰρ

88 2148 138 2190 αἱς
149 2147 345 2185 ἕπιτοπολν
358 2147 417 2184 ἐπὶ
436 2147 510 2181 τῶν
529 2145 786 2190 ἀμελουμένων
797 2160 889 2191 παρ-

90 2195 294 2239 οιμιάζεται
317 2215 352 2221 ·-
372 2190 445 2236 ,τὸ
472 2192 511 2229 δὲ
536 2193 582 2228 ἐκ
606 2195 784 2228 καπνοῦ
811 2192 890 2228 ἐπι-

89 2242 234 2287 μέλειαν
258 2243 383 2296 δηλοῖ,
411 2239 489 2274 ἐπεὶ
511 2237 560 2284 μή
587 2238 718 2274 ἐῶνται
742 2254 785 2274 τα
811 2252 888 2274 τοι-

90 2290 189 2324 αὕτα
204 2298 371 2343 σωματα
402 2287 652 2327 καπνίζεσθαι.
684 2306 723 2311 -
760 2282 819 2320 ὅτι
849 2283 889 2320 δὲ

91 2333 134 2369 τὰ
165 2331 215 2378 μὴ
247 2330 286 2368 ἐκ
318 2345 460 2367 καπνου
491 2332 534 2365 τὰ
569 2330 664 2366 ὅπλα
695 2334 889 2366 τεθεῖσθαι

93 2377 264 2424 ἀμέλειαν
283 2376 406 2414 αὐτῶν
426 2376 614 2420 ἐμφαίνει,
639 2376 778 2421 δηλοῖ
764 2392 782 2412 ο
803 2376 889 2421 γρά-

93 2434 170 2470 ψας
197 2426 239 2462 τό
271 2423 293 2470 ἡ
318 2421 359 2459 6'
387 2421 522 2463 α’σπις
546 2423 592 2459 ἐν
616 2425 678 2469 τῷ
702 2423 889 2467 φεψάλῳ

94 2472 380 2516 κρεμήσεται
405 2469 594 2523 (Ariftoph.
621 2472 751 2505 Acharn
788 2473 889 2513 260),

94 2518 322 2562 ἀμεληθεῖσα
357 2514 531 2558 δηλονότι
564 2516 628 2550 δια
661 2516 702 2550 τὸ
738 2517 890 2559 εἰρήνην

95 2563 189 2600 εἶναι
213 2569 278 2598 etc.
305 2582 347 2588 —
390 2560 529 2605 ἐῴκει
565 2560 637 2604 (α’,
657 2562 746 2603 411,
781 2563 817 2595 ΙΙ.
844 2560 890 2607 β’,

95 2612 141 2647 58
153 2617 219 2644 etc.
222 2611 251 2653 ),
274 2608 401 2643 similia
414 2610 520 2662 sac'ta
536 2612 624 2641 sunt.
647 2626 690 2632 —
714 2607 764 2640 E:
790 2621 892 2642 κατ-

94 2656 283 2702 ᾐκισται
306 2652 373 2696 (τ’,
399 2654 440 2696 9)
466 2649 548 2687 άντι
571 2655 639 2688 τοῦ
661 2653 782 2692 κακῶς
806 2654 892 2688 ἔπα-

94 2706 183 2743 θεν,
228 2701 267 2736 ἐκ
299 2700 511 2753 μεταφορᾶς
548 2700 620 2732 τῶν
656 2700 892 2741 αἰκιζομένων

95 2746 285 2791 σωμάτων.
310 2765 353 2770 -
401 2743 552 2787 ditur)
578 2743 616 2796 ὁξ
640 2746 789 2787 πυρὸς
822 2745 891 2794 (τ,

96 2795 140 2835 9,
163 2795 219 2828 20.
257 2796 302 2826 ct
329 2789 371 2831 ι’,
394 2791 462 2825 389
483 2791 568 2833 etc.)
603 2788 621 2824 6
652 2790 807 2833 καπιὸς,
843 2804 892 2830 ως

97 2840 367 2883 ἀναθυμίασις,
398 2834 499 2878 παρὰ
530 2835 570 2870 τό
603 2835 657 2870 ἅω
685 2850 715 2870 κ.
742 2835 820 2872 aim
851 2834 893 2871 τὸ

98 2885 215 2926 πνέω,
247 2883 322 2920 ἐπεὶ
348 2882 565 2925 πνευμάτων
597 2880 620 2926 ἡ
633 2880 895 2937 ἀναθυμίασις

926 1377 1054 1408 τρωμη
1087 1378 1107 1409 η
1143 1367 1275 1408 τρῶσις
1302 1363 1475 1405 Ἰονικαῗς.
1521 1364 1604 1406 „sic
1639 1365 1729 1397 Ana-

927 1423 1029 1444 creon
1053 1411 1305 1456 ο«1.57.;ἅγε
1329 1413 1442 1446 δῶτε·
1464 1408 1604 1455 μηκέ’θ
1629 1407 1729 1444 ου’τω

928 1456 1086 1514 Πατάγῳ
1118 1471 1155 1493 τε
1184 1455 1372 1504 κάλαλητῷ
1396 1456 1590 1501 Σκυθικὴν
1619 1456 1730 1491 πόσιν

927 1501 1017 1544 παρ’
1053 1504 1142 1538 οἴνω
1168 1505 1395 1547 Μελετῶμεν.
1446 1509 1482 1537 et
1514 1479 1637 1537 H6rat.
1662 1502 1730 1536 Od.

930 1551 1215 1588 1,27.:vat1·s
1239 1553 1273 1584 ἰη
1296 1562 1392 1584 usum
1418 1550 1575 1583 lactitiae
1598 1549 1732 1592 scyphis

929 1595 1090 1640 Pugnare
1117 1598 1287 1630 Thracum
1312 1598 1395 1632 est“
1420 1602 1484 1629 etc.
1510 1595 1563 1629 Cl.
1582 1614 1626 1621 —
1657 1597 1730 1628 Am.

927 1641 951 1676 2
974 1649 1009 1674 et.
1033 1642 1134 1676 Sch..
1161 1641 1308 1683 αὐτὸς
1333 1662 1373 1667 —-
1400 1642 1609 1694 σιίἳηρος.
1641 1638 1733 1685 πρό·

929 1699 1047 1730 χειρος
1083 1688 1150 1731 γάρ
1176 1687 1268 1734 ἄνη-ρ
1301 1688 1392 1732 πρὸς
1415 1686 1535 1730 φόνον
1546 1699 1733 1742 παρακει-

929 1732 1042 1775 μένου
1067 1735 1231 1788 σιδήρου.
1282 1736 1327 1768 Εε
1352 1754 1394 1760 -
1421 1736 1500 1775 ἵνα,
1534 1729 1655 1775 οἵσπερ
1680 1734 1733 1767 σι’·

932 1782 1046 1823 δηρον
1079 1776 1101 1823 ἡ
1111 1782 1324 1835 μαγνῆτις,
1359 1778 1477 1821 οὕτως
1507 1778 1623 1818 αὐτὸς
1644 1778 1734 1814 ἐπά-

932 1839 1040 1869 γηται
1079 1825 1145 1861 τὸν
1189 1828 1442 1870 θυμούμενον.
1488 1826 1550 1861 καὶ
1582 1824 1735 1869 ἀληθῶς

933 1870 1081 1907 ὅπλον
1102 1872 1407 1930 άχορηγήτου
1439 1873 1607 1914 θυμοῦ
1641 1871 1735 1906 κατὰ

934 1918 998 1954 τὸν
1028 1917 1182 1954 εἰπόντα
1212 1921 1300 1954 πᾶν
1331 1917 1373 1954 τὸ
1406 1915 1635 1973 παρατυχόν.
1680 1930 1734 1952 se-

934 1964 1063 1998 narium
1089 1966 1239 2008 Comici,
1273 1966 1307 2000 ni
1331 1965 1449 2006 fallor,
1479 1966 1528 1998 sic
1552 1963 1731 1997 restituas.

934 2012 1062 2053 θυμοῦ
1098 2010 1136 2046 δ’
1180 2010 1410 2056 άχορηγήτου
1443 2009 1480 2054 γ’
1515 2007 1630 2045 ὅπλον
1660 2011 1734 2043 πᾶν

935 2056 1157 2101 παρατυχόν.
1193 2070 1252 2098 „v.
1280 2057 1411 2091 Erasmi
1440 2057 1564 2100 Adag.,
1586 2060 1671 2090 sect.
1691 2056 1735 2089 de

934 2103 1110 2137 Illecebris
1134 2083 1231 2146 mass,
1266 2104 1428 2148 proverb.
1459 2103 1599 2136 Ferrum
1622 2102 1735 2134 virum

937 2150 1092 2182 attrahit.
1139 2150 1284 2183 Tacitus
1310 2149 1399 2183 Hist.
1427 2150 1465 2189 1,
1491 2150 1534 2182 80
1560 2160 1568 2168 ·
1605 2152 1638 2180 et
1660 2148 1736 2181 υἰια

934 2196 1023 2228 inter
1046 2197 1245 2228 temulentos
1263 2207 1362 2228 arma
1383 2195 1574 2249 cupidinem
1592 2194 1646 2226 sui
1662 2204 1736 2226 mo-

933 2252 1024 2274 vere.
1060 2241 1249 2275 Demetrius
1269 2241 1401 2275 Phaler.
1420 2241 1501 2282 περὶ
1520 2237 1737 2282 Ἑρμηνείας

935 2289 966 2329 §
1003 2288 1092 2328 106,
1116 2289 1170 2321 7.:
1214 2287 1255 2322 τὸ
1290 2286 1329 2321 δε
1361 2284 1642 2330 ἐπιφωνημα
1671 2298 1736 2319 κα-

936 2312 1113 2374 λούμενόν
1139 2333 1298 2375 ὁρίζοιτο
1331 2331 1379 2366 ἄν
1413 2346 1467 2372 τις
1490 2332 1584 2374 λέξιν
1609 2330 1734 2366 ἐπικο-

937 2379 1112 2420 σμοῦσαν.
1161 2378 1235 2414 ἔστι
1268 2377 1308 2413 δε
1338 2378 1379 2415 τὸ
1403 2378 1736 2422 μεγαλοπρεπέστα-

937 2437 1002 2458 τον
1035 2423 1073 2460 έν
1106 2429 1184 2466 τοῖς
1217 2424 1347 2481 λόγοις.
1376 2445 1418 2450 -
1461 2423 1561 2460 οἷον·
1596 2423 1642 2459 ἐκ
1664 2436 1738 2458 κα-

937 2472 1057 2505 πνοῦ
1089 2471 1267 2515 κατὲθη
1279 2484 1299 2504 κ
1343 2491 1400 2504 -.
1445 2469 1523 2505 εἶτα
1547 2468 1737 2525 ἐπιφωνεῖ,

939 2515 1086 2557 αυτὸς
1108 2537 1153 2542 -
1179 2486 1388 2561 σίδηηρος.
1400 2519 1424 2536 “
1449 2516 1478 2549 Ε
1504 2516 1557 2549 cl.
1573 2535 1617 2541 -
1653 2514 1737 2560 φά-

939 2575 1095 2606 σγανα.
1138 2561 1228 2606 ’,74,
1241 2562 1441 2605 u'.‚145etc
1457 2581 1501 2587 —
1520 2559 1736 2616 βοάγρια,

938 2610 1048 2652 clipei.
1091 2609 1129 2642 ΙΙ.
1163 2608 1217 2651 μ,
1240 2611 1296 2645 22.
1319 2628 1363 2634 —
1404 2605 1737 2650 ἐπιθύσαντες,

937 2655 1115 2689 irruentes.
1149 2655 1189 2688 ΙΙ.
1215 2655 1258 2697 σ’,
1283 2655 1359 2691 175.
1377 2673 1422 2678 -
1453 2653 1624 2694 θέλξει.
1664 2655 1737 2688 195.

942 2701 1059 2734 Voss:
1103 2701 1191 2733 devm
1225 2702 1307 2744 jcne
1347 2700 1469 2744 geun’ss
1504 2700 1589 2731 vird
1626 2699 1739 2733 Pallan

941 2748 1069 2780 Athene
1101 2746 1306 2780 verblenden
1339 2758 1372 2780 ιι.
1401 2747 1489 2778 Zeus
1517 2745 1738 2779 auwaltendc

937 2792 1095 2825 vorsicht.

984 2839 1062 2871 299.
1112 2836 1244 2870 nonita
1268 2835 1421 2870 offendor
1437 2836 1501 2869 hac
1517 2835 1737 2891 repefitione,

942 2888 981 2915 ut
1004 2882 1176 2916 ferendum
1202 2893 1341 2926 nege1n3
1374 2881 1482 2915 malim
1515 2888 1626 2915 tamen
1651 2879 1738 2917 uno

97 2929 322 2984 γεννητικόν.
346 2948 389 2953 -
423 2928 464 2963 τὸ
489 2927 527 2962 δὲ
543 2926 754 2981 τρώσητε
778 2930 827 2985 (v.
856 2928 895 2961 11.
943 2925 978 2962 6’
1006 2926 1056 2962 {tt
1080 2926 1184 2970 ἐρέω,
1209 2933 1241 2961 et
1263 2933 1445 2971 praeterea
1463 2927 1558 2961 aliud
1575 2928 1738 2971 quiddam

100 2976 149 3022 μ’,
170 2979 247 3022 66.)
279 2972 362 3010 ἀντὶ
393 2975 462 3009 τοῦ
486 2971 669 3020 βλάψητε·
699 2973 736 3017 ἐξ
768 2969 811 3009 οὗ
836 2973 898 3009 καὶ
944 2974 1068 3010 dicam.
1114 2985 1179 3009 non
1203 2973 1305 3008 semel
1328 2972 1363 3008 τὶ
1387 2979 1423 3008 et
1444 2973 1524 3015 τοὶ,
1555 2973 1739 3019 itidemque
