1846 3282
24 1216 239 1263 3ρόξειεν
263 1229 466 1261 αχρηστον,
491 1218 532 1252 τὸ
558 1217 699 1264 βρόχω,
724 1216 762 1260 ἐξ
786 1231 831 1252 ου

23 1313 95 1351 ζειν
119 1310 160 1343 τὸ
187 1309 248 1343 διὰ
269 1309 446 1368 τοιούτου
460 1310 629 1355 βρόχθου
646 1310 832 1364 προάγειν.

25 1359 95 1389 Am.
117 1356 182 1396 Q.:
208 1353 302 1390 ἀλλ’
331 1354 396 1392 ὅτ’
423 1355 596 1412 ἀναβρ
623 1359 741 1391 ταῦτα
767 1357 831 1392 διοὶ

22 1401 137 1445 μέσου
179 1400 361 1457 ἐξηγεῖται
398 1401 490 1456 πρὸς
532 1416 620 1443 τους
666 1404 831 1443 Φαίακας

22 1450 288 1492 προληπτικως,
310 1446 401 1492 ἅπερ
417 1449 570 1492 ὕστερον
588 1447 703 1492 μόνος
723 1447 831 1483 ἐθεά-

23 1506 112 1528 σατο
154 1494 389 1549 ναυαγήσας,
435 1493 548 1531 ὁπότε
582 1497 650 1530 τοῦ
686 1495 830 1536 ἐρινεοῦ

23 1539 190 1584 ε’ξείχετο.
226 1539 272 1575 ου’
296 1554 365 1584 γαρ
387 1540 471 1575 οἷόν
490 1554 528 1576 τε
551 1542 633 1583 νῦν,
659 1541 696 1576 εἰ
714 1554 752 1586 γε
776 1538 828 1576 δι’

24 1585 117 1622 ὀκτώ
143 1585 251 1629 ὡρῶν
280 1587 348 1630 τήν
379 1586 546 1629 ἄμπωτιν
571 1600 603 1620 κ.
634 1587 830 1630 πλημύραν

23 1632 204 1669 ἀπεδίδου
223 1631 243 1677 ἡ
258 1635 458 1688 Χαρυβδις.
472 1652 516 1659 —-
540 1633 619 1667 dedi
639 1631 829 1668 έωντοσθ

23 1678 263 1723 ἐφᾶνεσκε
296 1692 357 1724 pro
383 1679 542 1714 ἔντοσθε
567 1691 732 1722 φανεσκε
757 1692 830 1713 cum

24 1737 247 1768 numerorum,
257 1731 326 1759 tum
337 1726 526 1782 euphoniae
539 1733 618 1769 grat
606 1725 664 1760 ia.
677 1745 722 1750 —
737 1725 830 1772 ἐβε-

24 1769 210 1820 βρύκει,
233 1773 422 1816 mugiebat.
456 1770 493 1811 ε’
517 1773 585 1806 412
606 1777 671 1805 etc.

70 1820 150 1854 243.
199 1820 390 1861 κυανέη.
436 1820 562 1862 vulgo:
586 1816 732 1861 κυανέῃ.
770 1816 829 1851 sed

25 1866 98 1899 Am.
118 1864 163 1904 Q.
179 1864 329 1897 emenda
355 1867 468 1908 γαῖα
492 1878 532 1906 φ.
557 1863 729 1907 ψάμμῳ
757 1876 830 1898 κυ-

26 1908 152 1954 ανέη.
191 1910 261 1953 (ma
248 1910 298 1943 le
317 1912 444 1944 codex:
470 1924 538 1943 κ-
554 1923 587 1954 ῃ.
614 1910 830 1954 quemadmo-

24 1958 101 1990 dum
139 1955 320 2000 depravari
353 1956 461 1990 solent
493 1956 650 1989 lemmata
683 1955 831 1989 scholio-

25 2014 97 2037 rum
114 2001 324 2036 inculcandis
340 2001 518 2057 scripturis
535 2002 636 2045 vu'go
653 2001 830 2054 receptis.)

24 2048 67 2084 τὸ
89 2048 174 2093 ἑξῆς
200 2045 225 2091 ἡ
248 2051 361 2091 γαῖα
371 2045 407 2102 ἡ
430 2047 636 2102 κυανέη,
660 2044 752 2082 ω’στε
783 2046 831 2081 εἶ-

24 2107 88 2130 ναι
113 2093 314 2129 καθολικόν
336 2090 380 2127 τό
405 2093 470 2138 τῆς
492 2095 576 2138 γῆς,
609 2106 657 2133 ως
678 2093 740 2128 καὶ
764 2091 831 2127 αλ-

26 2141 139 2199 λαιοῦ
171 2138 240 2183 (λ’,
266 2138 336 2175 364
355 2141 440 2183 etc.)
473 2144 607 2195 γαῖα
620 2137 831 2183 μέλαινα.

29 2184 100 2224 023ae
141 2185 238 2220 ἔστιν
277 2180 348 2221 οῦν
387 2184 536 2229 μερικὸν
566 2183 608 2220 τὸ
645 2184 832 2227 ἐπίθετον,

28 2231 121 2269 ἀλλὰ
143 2231 266 2275 πάσης
288 2234 354 2276 τῆς
368 2235 464 2288 γῆς.
510 2232 598 2265 idem
633 2243 832 2276 perperam:

29 2278 205 2323 ψάμμῳ
229 2276 419 2322 κυανέη.
461 2278 538 2321 (hic
562 2289 700 2322 quoque
724 2277 832 2311 liber·

29 2339 53 2360 κ
67 2344 103 2350 -
111 2337 142 2381 ῃ
164 2331 200 2358 et
217 2324 471 2381 κυανιζομένῃ.
475 2329 488 2367 j
512 2322 593 2358 α’ντὶ
618 2325 684 2358 τοῦ
708 2336 834 2358 κυανι-

32 2370 177 2415 ζομὲνη,
200 2368 249 2411 ὥς
274 2373 460 2424 ‹p-oa'vam.
483 2370 684 2413 φαεινός
708 2370 768 2412 (ll.
789 2368 833 2410 ο’,

31 2419 141 2461 538),
162 2415 260 2460 quasi
283 2416 455 2460 nigricare
478 2417 614 2450 dicatur
637 2422 729 2449 terra
753 2427 834 2460 pro-

32 2468 111 2517 pter
141 2473 276 2496 arenam
311 2463 462 2506 nigram,
505 2473 578 2495 cuin
613 2462 754 2506 ψάμμω
790 2461 835 2494 sit

33 2509 103 2544 σὺν
124 2508 265 2554 ψάμμῳ
289 2508 342 2551 (v.
369 2509 514 2552 interpp.
539 2507 655 2551 Vigeri
682 2520 714 2551 p.
739 2507 834 2549 642,

33 2555 191 2599 Theogn.
209 2556 296 2592 741,
321 2553 496 2596 Euripidis
517 2553 833 2610 Aristophanisque,

33 2611 55 2634 a
78 2601 173 2634 nobis
198 2600 384 2639 editorum,
410 2599 541 2632 indices
573 2611 605 2633 V.
630 2612 709 2641 συν,
737 2606 802 2634 etc.
805 2600 834 2642 )‚

33 2647 99 2680 hac
130 2646 319 2679 sententia·
353 2655 418 2678 una
450 2656 523 2678 cum
558 2656 660 2678 arena
685 2646 835 2678 excitata

35 2703 79 2726 ex
107 2692 213 2726 fundo
248 2690 347 2724 maris
379 2697 503 2744 terram
519 2691 670 2744 nigram
706 2691 836 2724 insulae

34 2738 246 2783 apparuisse.
259 2755 303 2761 —
326 2736 498 2775 τοῦς-
514 2732 631 2781 ᾕρει.
654 2736 695 2777 λ’,
715 2738 836 2771 43etc.

79 2783 292 2818 246—257.
339 2782 484 2816 ridicule
507 2784 578 2815 Am.
607 2782 651 2822 Q.
677 2787 712 2815 et
735 2783 837 2815 Srh=

33 2827 134 2864 πάνυ
157 2829 272 2873 (Sckm
303 2825 471 2871 πάντες.)
508 2826 728 2870 ἐπαινοῦμεν
752 2827 839 2867 τοῦς

34 2874 330 2928 τελευτήσαντας.
369 2874 468 2907 nimis
487 2879 596 2907 autem
621 2873 745 2907 curiosi
770 2874 839 2918 pri-

37 2919 88 2954 nci
110 2901 182 2962 ini,
209 2921 252 2954 de
276 2919 399 2974 quibu·
426 2919 476 2952 Ε·
512 2919 632 2954 ἰστέον
657 2918 695 2953 δε
721 2917 778 2954 ὅτι
803 2919 839 2953 οὶ

0 2975 1 2990 ¹
37 2966 188 3002 παλαιοὶ
210 2965 273 3001 καὶ
293 2964 460 3010 ὀνόματα
476 2966 550 3001 τῶν
573 2964 841 3011 ἁρπασθέντων

505 129 1086 172 ΟΔΤΣΣΕΙᾏΑΣ
1140 133 1205 172 M.

23 1276 68 1297 κα
107 1261 127 1298 ὁ
152 1263 313 1307 βρόχθος
335 1263 396 1299 ἐπὶ
419 1266 578 1307 λαιμοῦ,
611 1279 645 1299 κ.
679 1265 834 1309 βροχθί-

193 236 297 282 πᾶσ’
330 236 507 282 ἔντοσθ’
536 239 747 309 έφᾶνεσκε
774 237 1020 294 κυκωμένη,
1050 238 1165 293 ἀμφὶ
1195 235 1280 282 δὲ
1270 237 1407 300 πέτρῃ

194 293 339 337 δεινὸν
367 293 610 365 ἐβεβρύχει,
639 295 854 350 ὑπένερθε
884 296 942 338 δὲ
959 300 1062 349 γαΐα
1091 294 1282 364 φάνεσκε

193 349 360 418 ψάμμῳ
382 351 567 420 κυανέη·
597 353 701 402 τούς
730 354 778 396 δὲ
805 351 975 408 χλωρὸν
1004 352 1100 401 δέος
1128 350 1238 406 ᾕρει.

194 405 315 473 ἡμεῖς
348 406 427 474 μὲν
460 410 569 460 πρὸς
599 408 725 477 τῄνδ’
754 411 924 462 ἴδομεν,
956 409 1170 457 δείσαντες
1201 407 1413 460 ὄλεθρον·

83 463 166 507 245
194 462 339 517 τόφρα
369 462 415 506 δέ
442 480 515 518 μοι
545 465 719 521 Σκύλλη
747 466 896 519 κοίλης
926 464 973 506 ἐκ
1001 463 1109 525 νηὸς
1134 463 1336 526 ἑταίρους

192 519 238 570 ἓξ
269 517 408 570 ἕλεθ’,
438 523 481 562 οἳ
509 523 655 574 χερσίν
683 537 727 564 τε
755 523 884 577 βίηφί
912 536 957 563 τε
987 520 1194 576 φέρτατοι
1206 519 1348 589 ἦσαν.

196 574 471 627 σκεψάμενος
490 576 534 620 δ’
564 577 608 628 ἐς
636 581 722 631 νῆα
750 578 866 632 θοὴν
895 576 984 630 ἅμα
1012 577 1085 619 καὶ
1114 574 1216 630 μεθ’
1247 575 1464 630 ἑταίρους,

192 631 275 699 ἥδη
304 635 393 674 τῶν
421 631 581 687 ἐνόησα
608 607 746 682 πόδας
772 634 846 676 καὶ
875 638 1017 701 χεῖρας
1044 631 1251 685 ὕπερθεν,

197 686 331 735 ὑψόσ’
363 687 654 742 ἀειρομένων·
685 689 756 759 ἐμὲ
788 690 834 732 δὲ
863 689 1112 758 φθέγγοντο
1143 691 1375 738 καλεῦντες

86 745 168 788 250
197 743 546 815 ἐξονομακλήδην
574 744 669 788 τότε
696 743 741 799 γ’
772 745 980 795 ὕστατον,
1011 743 1251 810 ἀχνύμενοι
1279 749 1378 798 κῆρ.

197 799 255 850 ὠς
284 799 327 843 6'
359 800 424 844 ὅτ’
456 801 527 844 ἐπὶ
553 801 759 856 προβόλῳ
789 799 936 850 ἁλιεύς
963 800 1195 869 περιμήκεϊ
1226 801 1375 868 ῥάβδῳ

195 857 342 910 ἰχθύσι
372 861 463 907 τοῖς
491 856 678 909 ὀλίγοισι
710 857 844 899 δόλον
872 855 980 900 κατα
1015 859 1164 899 είδατα
1198 846 1393 911 βάλλων,

133 914 139 919 ’
193 912 236 961 ἐς
266 913 430 955 πόντον
455 916 636 968 προῖησι
665 913 771 967 βοὸς
803 912 930 965 κέρας
961 912 1215 966 ἀγραύλοιο,

190 968 461 1019 α’σπαίροντα
491 952 532 1012 δ’
565 969 709 1012 ἔπειτα
742 971 891 1021 λαβὼν
920 969 1069 1023 ε’ρῤιψε
1097 967 1276 1022 θύραζε,

80 1028 162 1070 255
193 1024 250 1074 ὥς
279 1025 365 1078 σῖγ’
397 1024 684 1078 ασπαίροντες
715 1025 917 1078 ἀείροντο
946 1026 1076 1078 προτὶ
1106 1025 1277 1078 πέτρας,

191 1081 329 1124 αὐτοῦ
358 1080 398 1126 δ’
430 1083 511 1126 εἰνὶ
538 1081 702 1138 θύρῃσι
730 1082 940 1139 κατήσθιε
968 1085 1252 1138 κεκληγῶτας,

880 1215 1033 1263 ἀφῆκαν
1065 1217 1287 1275 (prodidere)
1322 1218 1405 1259 τοῖς
1431 1211 1514 1260 μετ’
1545 1214 1685 1257 αὐτούς

878 1267 1017 1304 ταῦτα,
1053 1263 1237 1322 Στήσιον,
1266 1262 1479 1306 Ορμένιον,
1511 1260 1683 1306 Αμφίνο-

877 1323 967 1366 μρν,
995 1310 1184 1366 Ἀγχιμον,
1212 1309 1398 1365 ’Όρνυτον
1429 1323 1459 1342 κ.
1495 1311 1565 1344 Σίι
1569 1322 1683 1347 ωπον,

878 1358 922 1391 οὐ
948 1356 1044 1413 πρὸς
1069 1354 1274 1412 ὁμοιότητα
1298 1353 1409 1399 ἡρωῖς
1429 1355 1593 1399 Σιιωπὴ,
1610 1353 1683 1414 ‹iq›

876 1401 921 1446 ἧς
945 1400 1152 1445 ὁμωνύμως
1177 1401 1199 1446 ἡ
1233 1415 1326 1436 κατα
1353 1402 1529 1446 Σινωπην
1558 1399 1686 1445 χερῥό·

876 1461 998 1492 νησος.
1042 1450 1086 1482 cf.
1123 1460 1200 1482 ann.
1234 1448 1276 1482 ad
1309 1450 1388 1483 301.
1422 1467 1467 1473 —-
1516 1449 1587 1480 Am
1625 1447 1651 1479 B
1676 1460 1683 1468 ·

876 1492 1194 1539 σκεψάμενος.
1229 1493 1310 1527 ἀντὶ
1333 1494 1402 1534 τοῦ
1427 1492 1683 1538 ἐποβλεψάμε-

875 1555 938 1581 νος
971 1541 1028 1577 ἐπὶ
1061 1541 1128 1585 τήν
1160 1542 1256 1574 ναῦν
1288 1540 1351 1574 καὶ
1384 1537 1445 1575 ἐπὶ
1469 1540 1559 1580 τοῦς
1587 1541 1684 1574 εταί-

876 1599 987 1643 ρους·
1023 1588 1218 1630 προείρηκε
1254 1585 1323 1642 γὰρ
1359 1587 1415 1627 (v.
1441 1587 1508 1620 929
1534 1587 1682 1628 --233)‚

876 1634 933 1669 ὅτι
952 1632 1114 1677 ἀλλαχοῦ
1134 1637 1230 1675 εἰχον
1247 1631 1337 1672 τοῦς
1352 1630 1574 1675 ὀφθαλιιοῦς
1595 1635 1685 1665 πλα-

875 1680 1062 1719 νωμένους
1085 1677 1177 1720 πρὸς
1206 1675 1246 1712 τό
1272 1679 1447 1721 ζητῆσαι,
1483 1680 1557 1712 ποῦ
1585 1677 1684 1712 ἐστιν

875 1723 898 1765 ’ἦ
922 1724 1079 1760 Σκύλ.λα
1102 1744 1150 1749 -
1172 1726 1426 1763 καλεῦντες
1449 1735 1510 1768 pro
1537 1723 1685 1758 καλέου-

874 1784 951 1814 τες,
982 1776 1020 1805 ut
1052 1770 1195 1812 πιέζευν
1220 1771 1307 1812 174,
1343 1771 1508 1804 εἰλεῦντα
1542 1768 1570 1804 λ’
1579 1795 1588 1810 ,
1615 1772 1684 1805 572

874 1825 939 1852 etc.
961 1837 1004 1842 —
1036 1815 1452 1861 ἐξονομακλήδην,
1477 1818 1612 1849 nomine
1631 1827 1684 1849 me

876 1863 1182 1906 zocam10.11.x',
1207 1861 1288 1897 415.
1311 1883 1356 1888 -
1392 1865 1464 1896 Am.
1490 1862 1535 1902 Q.
1562 1862 1681 1896 etB.·

877 1909 950 1945 ἐπὶ
986 1907 1218 1963 προβόλῳ.
1268 1909 1548 1966 προβεβλημέιῳ
1581 1907 1697 1964 τόπῳ.

876 1958 928 1997 εἰς
951 1954 1157 1990 θάλασσαν.
1175 1974 1223 1980 —
1261 1967 1409 1998 περιμ.
1435 1953 1608 1998 ῥάβδῳ.
1640 1953 1682 1995 κ’,

876 2003 956 2038 293.
1002 2012 1090 2035 nunc
1124 2000 1255 2044 virgam
1278 2001 1494 2045 piscatoriam
1519 2000 1613 2033 dicit.
1637 2018 1682 2025 —

876 2050 984 2088 τοῖς
1019 2045 1248 2090 ὀλίγοισι,
1283 2048 1426 2090 parvis,
1459 2047 1490 2080 si
1521 2057 1593 2079 cum
1618 2046 1682 2080 ho-

878 2094 966 2128 mine
1017 2103 1215 2137 compares3
1262 2093 1536 2135 quemadmodum
1581 2090 1680 2136 parvi

879 2144 978 2173 erant
996 2139 1046 2172 illi
1068 2141 1109 2171 ad
1134 2139 1200 2182 Scy
1206 2137 1294 2171 llam.
1330 2139 1487 2172 similiter
1509 2138 1552 2171 de
1577 2136 1681 2181 (ἐνοι-

879 2197 945 2243 o-Pe
983 2183 1024 2228 ι’,
1058 2185 1157 2218 289.ε
1181 2151 1270 2226 Ϊξύν
1305 2183 1344 2219 δε
1394 2183 1471 2219 δύω
1512 2182 1679 2227 μάρψας,

879 2232 995 2266 ὥστε
1025 2229 1283 2271 σκύλακας,
1317 2229 1402 2265 ποτὶ
1435 2230 1519 2275 γαίῃ
1544 2229 1678 2265 Κόπτε.

877 2297 923 2303 -
948 2278 1019 2310 Am.
1046 2277 1109 2316 Q.:
1141 2272 1252 2330 βοος
1273 2289 1427 2320 κέρας
1467 2277 1580 2331 κέρας
1593 2272 1680 2318 Ἀρί-

879 2335 1031 2365 σταρχος
1054 2322 1095 2356 τὸ
1120 2320 1310 2363 κεράτινον
1331 2324 1535 2378 συρίγγιον
1559 2318 1580 2357 ὃ
1602 2320 1681 2356 ἐπι-

878 2370 1024 2404 τιθέασι
1047 2366 1140 2411 πρὸς
1162 2367 1203 2401 τό
1225 2368 1275 2412 μὴ
1297 2368 1494 2404 ἐσθίεσθαι
1516 2366 1589 2403 ὑπὸ
1611 2369 1681 2402 τοῦ

879 2414 1010 2459 ἰχθύος
1033 2414 1102 2457 τήν
1125 2415 1269 2456 ορμίαν.
1309 2414 1400 2450 ἔνιοι
1418 2414 1457 2450 δε
1474 2414 1541 2458 τήν
1564 2416 1678 2467 τρίχα.

879 2461 965 2495 male
988 2462 1051 2493 hoc
1075 2460 1231 2504 quidem:
1257 2473 1290 2494 v.
1311 2461 1351 2496 ΙΙ.
1378 2460 1429 2502 ω’,
1454 2464 1508 2496 81.
1532 2479 1574 2486 -
1606 2457 1679 2494 δό-

879 2511 959 2542 λον
993 2505 1083 2541 ὄντα
1115 2506 1254 2539 εἰᾝδατα
1283 2526 1328 2531 —-
1366 2506 1486 2542 κατὰ
1519 2518 1544 2541 ε.
1575 2504 1679 2550 βαλ-

879 2556 987 2593 λων,
1011 2551 1248 2607 καταβάλλων
1272 2564 1298 2588 ε.
1315 2572 1361 2578 --·
1386 2554 1562 2592 εἴδατα,
1584 2552 1679 2595 βρώ-

879 2612 996 2643 ματα,
1021 2609 1143 2632 escam.
1176 2596 1229 2638 α’,
1257 2599 1323 2633 140
1345 2606 1409 2634 etc.
1433 2618 1479 2624 -
1519 2597 1679 2632 ἀσπαί-

881 2656 1039 2686 ροντα,
1059 2645 1288 2687 palpitantem
1306 2644 1443 2688 piscem.
1466 2641 1518 2683 θ,
1537 2645 1615 2678 526.
1633 2662 1678 2669 —

882 2690 1060 2744 ἓῤῥιψε,
1085 2691 1188 2722 semel
1211 2691 1399 2733 iterumque
1420 2691 1568 2733 projicit,
1593 2690 1625 2722 h.
1645 2701 1677 2724 e.

883 2736 1053 2782 projicere
1076 2736 1176 2769 solet.
1207 2742 1287 2769 nota
1311 2736 1363 2768 vis
1383 2734 1515 2769 aoristi.
1534 2754 1576 2759 —
1599 2733 1678 2769 θύ-
1698 2766 1701 2767 ⁷

885 2786 1011 2824 ραζε,
1036 2783 1156 2824 foras,
1191 2792 1233 2814 ex
1258 2781 1351 2815 mari.
1377 2799 1422 2806 —
1461 2775 1680 2823 κεκληγω-

883 2842 968 2867 τας
995 2826 1089 2860 Harl.
1112 2826 1225 2859 schol.
1240 2851 1249 2867 ,
1282 2826 1338 2869 qui
1363 2834 1473 2859 tamen
1502 2833 1536 2860 et
1558 2830 1679 2870 vulga—

885 2881 952 2908 tam
985 2873 1190 2915 scripturam
1218 2871 1456 2915 κεκλήγοντας
1482 2883 1679 2906 commemo-

885 2926 958 2961 rat,
984 2929 1071 2963 quae
1096 2916 1253 2960 displicet
1271 2925 1410 2961 propter
1432 2918 1682 2952 homoeoteleu-

884 2973 944 3000 ton
967 2963 1163 3008 ὀρέγοντας
1185 2968 1350 3008 sequente
1372 2975 1486 3000 versu.
1509 2982 1554 2989 —
1580 2964 1679 2999 Sch.:
