1846 3282
522 135 1100 176 ΟΔΥΣΣΕῙΑΣ
1154 136 1201 175 Ε.

1599 134 1679 174 '173

199 245 307 300 αὐτή
338 243 382 288 δ’
413 244 562 295 οέντίος
593 243 679 298 ἷζεν
706 244 947 300 Ὀδυσσῆος
975 245 1139 286 θείοιο·

198 306 252 359 τῇ
282 302 328 344 δὲ
357 301 467 356 παρ’
499 302 743 371 ἀμβροσίην
772 302 913 357 δμωαὶ
942 301 1016 343 καὶ
1047 301 1204 352 νέκταρ
1238 300 1414 354 ἔθηκαν.

84 364 166 405 200
197 361 241 402 οἱ
270 357 312 401 δ’
344 357 410 401 ἐπ
440 357 609 402 ὀνείαθ’
642 358 791 413 ετοῖμα
820 359 1086 425 προκείμενα
1114 362 1258 412 χεῖρας
1284 357 1458 399 ἴαλλον·

197 414 336 468 αὐτάρ
365 415 454 457 ἐπεὶ
483 414 709 484 τάρπησαν
737 413 917 468 ἐδητύος
943 412 1018 468 η’ὸὲ
1049 417 1248 466 ποτῆτος,

199 476 290 522 τοῖς
319 470 405 524 ἄρα
434 471 594 526 μύθων
623 487 726 527 ηρχε
757 470 978 521 Καλυψὼ,
1011 472 1084 512 δῖα
1112 468 1279 511 θεάων

278 528 527 596 ,,Διογενὲς
551 527 816 582 Λαερτιάδη,
847 525 1119 580 πολυμήχαν’
1146 525 1373 578 Ὀδυσσεῦ,

200 583 314 626 οὕτω
347 586 400 640 δή
431 583 607 628 οἶκόνδε
636 586 769 639 φίλην
800 583 842 633 ἐς
869 585 1060 635 πατρίδα
1089 587 1220 636 γαῖαν

89 646 170 686 205
202 638 358 683 αὐτίκα
387 646 472 683 νῦν
500 641 660 690 ἐθέλεις
691 640 857 695 ἰμέναι;

890 640 944 683 σύ
976 640 1021 681 δὲ
1051 644 1173 694 χαῖρε
1202 639 1276 682 καὶ
1307 638 1465 693 ε’μπηςί

201 698 286 752 ε’ίγε
316 701 393 751 μὲν
422 700 574 753 εἰδείης
609 709 709 754 σησι
740 697 865 751 φρεσὶ
869 713 915 748 ν,
948 694 1058 738 ὅσσα
1088 712 1156 738 τοι
1192 693 1294 738 αἶσα
1331 712 1337 719 ·

199 754 323 808 κήδε’
354 753 618 804 αναπλῆσαι,
655 754 758 807 πρὶν
787 754 976 806 πατρίδα
1005 757 1137 806 γαῖαν
1167 753 1353 798 ἱκέσθαι,

203 811 360 854 ἐνθάδε
390 811 436 853 κ’
469 808 575 853 αὖθι
605 811 749 865 μένων
779 822 864 852 συν
894 809 989 861 ἐμοὶ
1017 807 1116 851 τόδε
1145 810 1269 863 δῶμα
1299 804 1555 864 φυλασσοις

202 865 423 917 ἀθάνατός
452 866 495 909 τ’
526 869 634 922 ειής,
670 866 970 935 ἱμειρόμενός
973 881 1052 919 περ
1083 866 1255 908 ἰδέσθαι

91 929 173 968 210
200 924 281 978 σὴν
310 923 493 978 ἄλοχον,
523 928 598 978 τῆς
629 924 722 966 αἰὲν
753 924 914 966 ἐέλδεαι
943 920 1085 976 ἤματα
1114 922 1269 964 πάντα.

192 980 261 1021 ου’
289 981 368 1035 μέν
396 985 483 1035 θην
512 982 656 1035 κείνης
685 996 733 1036 ys
766 982 956 1048 χερείων
974 978 1151 1047 εὔχομαι
1183 984 1247 1021 sti
1251 996 1309 1028 αι,

202 1035 257 1078 οὐ
287 1037 437 1088 δέμας,
471 1036 574 1080 ου’δὲ
607 1054 749 1092 φυην,
779 1038 869 1080 ἐπεὶ
900 1034 1049 1086 οὔπως
1081 1034 1184 1078 οὐδὲ
1216 1036 1328 1079 ἔοικε

201 1093 366 1149 θνητὰς
395 1092 642 1150 ἀθανάτῃσι
674 1093 804 1149 δέμας
831 1094 904 1137 καὶ
935 1092 1050 1144 εἶδος
1081 1093 1287 1148 ἐρίζειν.ιι

272 1196 333 1229 sed
358 1208 502 1230 amoiem
528 1197 662 1242 patriae
681 1197 826 1242 Ulysses
849 1208 1018 1230 excusans
1043 1200 1177 1240 perstat
1201 1195 1235 1229 in
1261 1195 1411 1240 incepto.

283 1263 374 1332 Την
405 1262 446 1307 δ’
474 1263 822 1319 απαμειβόμενος
850 1265 1050 1331 προσέφη
1079 1262 1334 1333 πολύμητις
1345 1258 1600 1309 Ὀδυσσεύς

90 1320 172 1363 215
204 1319 383 1373 ,,πότνα
411 1321 516 1373 θεοὶ,
546 1320 603 1377 μή
634 1338 711 1376 μοι
745 1321 845 1364 τόδε
874 1319 1009 1376 χώεο·
1046 1318 1147 1362 οἶδα
1177 1321 1250 1363 καὶ
1280 1317 1411 1370 αὐτὸς

35 1432 98 1466 καὶ
119 1433 276 1467 πίνουσι.
312 1435 358 1468 cf.
384 1434 461 1469 166.
478 1454 522 1459 —-
549 1432 708 1475 οἷντίος
729 1436 769 1470 Α.
793 1436 837 1476 1.,

35 1479 109 1512 sine
125 1479 405 1513 homoeoteleuto.
441 1480 563 1523 vulgo.
590 1478 729 1516 οἷντίον.
763 1480 837 1514 Am.

35 1524 82 1564 Q.
115 1531 151 1557 et
174 1525 242 1558 H..
233 1537 242 1545 ·
284 1524 402 1570 αὐτῆ
445 1525 484 1560 δ’
532 1525 697 1561 ἀντίον
729 1525 837 1568 ἷζεν.

33 1568 186 1627 ἥδιστον
222 1572 313 1613 (Am.
339 1572 382 1612 Q.
407 1572 524 1616 ἴδιον)
557 1576 634 1611 τοῖς
658 1572 788 1616 ἔρωσιν
815 1569 838 1616 ἦ

34 1614 122 1651 κατ’
146 1615 299 1660 ἀνττκρυ
321 1617 499 1660 καθέδρα.
546 1619 687 1663 Sappho
719 1618 840 1652 Catul-

35 1662 241 1696 liana2111e
261 1664 308 1697 mi
333 1675 399 1707 par
428 1676 498 1697 esse
523 1665 586 1697 deo
610 1666 765 1706 videtur,
794 1684 838 1688 —

37 1709 105 1750 Qui
119 1709 243 1742 sedens
261 1709 427 1743 adversus
442 1711 629 1744 identidem
647 1717 681 1746 te
699 1714 841 1755 Spectat

37 1756 205 1788 etamlit.
234 1755 429 1809 cf.11.y'‚
453 1757 532 1792 425.

81 1802 162 1836 ΞΟΟ.
251 1804 354 1844 1,48
378 1809 442 1836 etc.

80 1848 160 1881 201.
207 1814 316 1889 1⁰i.'',i
339 1849 417 1885 779.
462 1849 507 1883 cf.
530 1847 663 1894 γ,7ο,
688 1845 732 1890 δ’,
757 1849 839 1890 788,

37 1890 161 1973 “'2327.
178 1898 253 2019 αξξ
277 1941 344 1981 28,
390 1938 503 1982 4’,7,
546 1939 638 1986 ι’,.β
663 1939 731 1976 433
749 1945 816 1975 etc.

82 1986 163 2019 203.
242 1953 428 2027 ,401,η11.
453 1985 498 2033 β’,
525 1989 590 2023 173
612 1992 678 2020 etc.

83 2032 205 2065 204—
209 1998 291 2067 213.
335 2045 456 2068 ουτω
482 2033 551 2074 δὴ,
575 2034 698 2066 siccine
716 2033 838 2077 igitur.

39 2075 77 2110 11.
100 2074 145 2122 β’,
172 2078 272 2112 158.:
304 2075 401 2113 οὕτω
427 2079 472 2124 δή
498 2078 646 2115 οἶκόνδε
673 2081 783 2123 φίλην
805 2078 841 2119 ἐς

36 2124 199 2165 πατρίδα
230 2127 342 2169 γαῖαν
360 2126 508 2170 Ἀργεῖοι
542 2124 762 2169 φεύξονταις
793 2126 840 2160 cf.

38 2168 78 2202 Il.
97 2169 139 2210 o',
156 2171 220 2204 201
242 2175 306 2205 etc.
340 2173 528 2206 Terentius
544 2173 634 2206 Eun.
658 2173 691 2215 4,
710 2175 744 2212 7,
761 2173 839 2207 34..

39 2215 96 2248 Sic
115 2215 221 2269 agis?
269 2218 472 2263 Propertius
495 2222 536 2260 3,
563 2219 604 2260 4,
629 2221 682 2254 9.:
718 2219 840 2252 siccine

37 2271 117 2294 eam
145 2264 297 2296 incomtis
327 2265 445 2298 vidisti
475 2267 566 2307 flere
601 2265 762 2309 capillis?

41 2306 204 2349 ἰμέναι
251 2311 290 2344 Α.
318 2315 349 2345 1.
379 2317 414 2345 et
438 2311 492 2345 4.
524 2312 597 2353 ἱεμε
593 2311 673 2346 ’ναι.
713 2311 840 2366 vulgo·

42 2353 149 2388 ἰέναι.
182 2365 213 2387 v.
233 2353 277 2400 β’,
294 2357 360 2391 298
381 2362 446 2391 etc.
465 2377 509 2382 —-
541 2357 704 2401 ἔμπης,
729 2355 841 2400 ὅμως,

41 2405 169 2441 tamen,
192 2400 414 2444 nihilominus,
440 2405 593 2447 quamvis
617 2405 710 2439 abire
731 2403 841 2448 cupis.

41 2457 84 2479 en
108 2457 189 2479 vere
214 2453 319 2491 atque
342 2460 384 2482 ex
407 2450 515 2484 animo
541 2458 725 2491 amantem,
750 2462 841 2495 quae

0 2529 1 2543 χ
41 2503 85 2525 ne
125 2491 295 2526 deserenti
338 2494 472 2538 quidem
511 2507 549 2529 se
587 2498 674 2530 male
714 2496 843 2541 cupiat,

40 2537 102 2570 sed
127 2538 292 2572 benevole
315 2539 410 2574 dicat
432 2543 552 2585 χαῖρεέ
579 2544 660 2588 quid
687 2543 730 2577 ad
758 2545 844 2575 hauc

41 2584 189 2617 feminae
212 2585 390 2626 mortales,
415 2598 501 2630 quae
519 2600 634 2622 amore
659 2589 843 2629 insaniunt,

40 2628 187 2670 Medea,
212 2630 523 2672 Phaedra‚1>ido'e
547 2635 654 2679 quid
646 2647 721 2679 ipsa
741 2635 842 2674 Juno,

40 2674 167 2708 infesta
184 2677 321 2721 conjugi
342 2684 484 2722 propter
501 2680 602 2722 furta,
619 2682 690 2715 eth
695 2689 842 2721 atonam,

39 2720 175 2764 Ionem,
207 2722 360 2769 aliasque
393 2725 464 2767 ejus
494 2727 633 2769 pellices
657 2728 843 2761 crudeliter

39 2769 274 2812 persequens?
304 2788 350 2794 —
392 2769 692 2823 ἀναπλῆσαι,
735 2785 842 2807 exan-

40 2814 140 2848 tlare.
174 2815 265 2857 302,
299 2815 338 2848 ll.
361 2814 413 2857 θ’,
448 2817 513 2856 34,
539 2817 590 2858 ο’,
618 2821 681 2854 132
705 2825 772 2854 etc.
795 2838 841 2844 —

41 2857 125 2894 συν
148 2858 265 2904 ἐμοι.
305 2861 355 2895 ita
379 2863 478 2896 codd.
502 2842 658 2904 Vind'ob..
685 2867 740 2906 H„
768 2865 842 2911 ple-

40 2915 168 2950 raeque
191 2907 267 2941 edd.
287 2914 392 2949 v.‚ett
418 2909 450 2941 in
476 2909 598 2953 quibus
623 2912 781 2956 princeps
806 2917 842 2945 et

39 2951 114 2985 Ald.
149 2955 209 2995 3.
262 2959 298 2988 et
337 2955 561 2989 recentiorum
588 2957 841 3013 Bergleriana,

41 2977 478 3045 clarke1‚a11aesteph.:
503 3000 597 3046 παρ’
617 3002 715 3047 ἐμοί.-
741 3016 839 3049 quem

884 1433 993 1468 secuti
1024 1438 1102 1467 sunt
1125 1433 1172 1465 W
1196 1437 1231 1466 et
1256 1434 1297 1466 B.
1321 1449 1366 1457 -
1413 1430 1526 1467 τόδε
1558 1429 1693 1472 δῶμα

885 1477 1166 1523 φυλασσοις,
1190 1480 1244 1512 hic
1268 1479 1360 1512 domi
1381 1489 1549 1512 maneres.
1591 1475 1693 1508 simili

884 1537 984 1560 sensu
1009 1531 1182 1558 nostrates
1201 1525 1318 1558 dicere
1343 1526 1454 1558 solent
1478 1522 1694 1558 familiariter

885 1573 950 1604 das
969 1573 1069 1604 Hans
1093 1569 1620 1627 1ιίὶεεη.--ὶμειρόμενος.
1646 1564 1694 1606 α’,

885 1618 942 1652 41.
963 1637 1007 1641 —-
1054 1616 1249 1652 ἐέλδεαι.
1282 1616 1329 1660 α’,
1349 1617 1428 1652 409.
1457 1637 1502 1642 —
1547 1614 1600 1651 οὐ
1627 1612 1696 1648 δέ-

885 1676 996 1706 μας,
1034 1659 1151 1698 ου’δε
1177 1660 1315 1707 φυήν.
1357 1664 1456 1698 etiam
1483 1661 1696 1704 Chryseidos

885 1711 1024 1743 formam
1043 1709 1220 1754 praedicat
1237 1712 1462 1767 Agamemnon
1481 1709 1518 1741 ll.
1538 1722 1585 1750 α,
1605 1708 1680 1742 115
1673 1730 1697 1747 ,

886 1758 946 1789 sed
972 1756 1059 1790 idem
1082 1757 1219 1797 φρένας
1243 1757 1304 1791 καὶ
1327 1756 1430 1799 ἔργα,
1468 1767 1557 1798 quae
1587 1754 1697 1796 Caly-

888 1803 1002 1847 psonis
1014 1802 1233 1846 pulcritudini
1251 1814 1425 1847 opponere
1439 1801 1576 1835 videtur
1587 1800 1697 1843 Ulys-

887 1860 961 1886 ses.
1001 1860 1075 1881 cum
1110 1849 1306 1893 Penelopen
1351 1848 1436 1882 dicit
1470 1848 1696 1890 περίφρονα,

887 1894 1041 1939 epitheto
1076 1901 1239 1928 consueto
1266 1894 1417 1928 mulieris
1439 1893 1696 1927 solertissimae.

887 1952 920 1976 v
937 1943 1008 1974 Am.
1029 1940 1070 1973 E.
1108 1941 1180 1974 Am.
1201 1941 1244 1981 Q.
1269 1948 1304 1974 et
1327 1942 1368 1974 H.
1383 1953 1391 1973 =
1417 1938 1456 1974 ἐν
1481 1939 1602 1979 ’έλλοις
1624 1936 1694 1982 μὲν

886 1985 906 2022 ὁ
940 2000 975 2020 π
989 2011 999 2028 ,
1033 1985 1124 2021 ὅταν
1155 1984 1390 2031 ἐγκωμιαζειν
1420 1990 1586 2036 ,γυναῖκα
1618 1984 1695 2029 (vel

887 2032 1018 2066 virum:
1055 2045 1088 2067 v.
1113 2034 1153 2074 λ’,
1176 2035 1275 2088 549.)
1307 2032 1500 2087 βούλεται,
1537 2031 1637 2073 εἶδος
1661 2044 1695 2064 κ.

887 2078 974 2123 ἔργα
999 2079 1157 2114 ἐπαινεῖ·
1195 2075 1289 2123 αὕτη
1323 2080 1361 2115 δε
1387 2078 1500 2123 ἄμφω
1529 2077 1604 2115 ἀπὸ
1630 2079 1696 2122 τῆς

885 2127 1032 2169 μορφῆς
1066 2125 1205 2169 εᾍλαβεν
1253 2126 1384 2159 scilicet
1426 2127 1588 2172 operibus
1621 2135 1696 2158 mu-

885 2173 1049 2206 liebribus
1073 2173 1146 2205 sola
1170 2173 1307 2205 dearum
1326 2173 1442 2206 studet
1463 2173 1620 2206 Minerva
1643 2171 1697 2203 in-

886 2221 1042 2259 ventrix,
1077 2225 1216 2252 (eterae
1245 2218 1443 2272 relinquunt
1474 2231 1514 2253 ea
1545 2216 1697 2252 mortali-

889 2265 962 2298 bus.
987 2284 1026 2288 —-
1066 2264 1255 2306 ἐρίζειν.
1293 2263 1338 2306 δ,
1365 2266 1407 2298 78
1431 2270 1496 2299 etc.

934 2310 1147 2345 215-224.
1194 2311 1348 2345 πότνα
1377 2311 1478 2346 θεά.
1522 2312 1572 2344 sic
1595 2311 1636 2344 A.
1661 2310 1697 2343 5.

888 2362 924 2391 et
949 2357 1104 2390 Barnesii
1126 2357 1221 2397 MS„
1250 2357 1330 2390 item
1351 2360 1422 2391 Ain.
1442 2359 1496 2398 13„
1522 2357 1567 2398 E,
1593 2355 1698 2395 Seli-3

888 2415 952 2436 nec
976 2404 1077 2436 aliter
1109 2414 1225 2436 omnes
1251 2403 1373 2447 scripti
1399 2402 1450 2444 v'‚
1477 2405 1533 2438 61.
1582 2403 1628 2436 cf.
1653 2399 1698 2440 ν’,

887 2451 967 2484 391.
993 2449 1205 2482 recentiores
1226 2461 1361 2493 quoque
1382 2451 1443 2483 hac
1465 2450 1574 2482 forma
1594 2453 1700 2480 utun·

889 2503 967 2535 tur,
1013 2496 1111 2528 velut
1143 2495 1267 2538 Eurip.
1301 2496 1388 2529 dixit
1430 2495 1559 2528 'li-uad.
1591 2495 1698 2528 286:

888 2539 1015 2584 τὸμὲν
1037 2539 1173 2582 οἶσθα,
1194 2539 1327 2576 πότνα.
1362 2541 1446 2575 editi
1466 2545 1597 2574 tamen:
1629 2537 1701 2573 πό·-

889 2601 971 2621 τνιοι
991 2586 1077 2626 θεα,
1101 2599 1176 2620 cum
1198 2599 1264 2622 vox
1282 2587 1355 2623 θεα
1377 2598 1538 2630 nusquam
1561 2586 1607 2620 sit
1630 2598 1700 2629 μο-

888 2631 1113 2678 νοσύλλαβος
1149 2645 1204 2678 ap.
1238 2634 1361 2675 Hom,
1402 2632 1488 2668 θεοὶ
1522 2631 1625 2666 semel
1658 2632 1700 2666 ll.

890 2679 936 2721 α’,
958 2682 1008 2714 18,
1050 2679 1212 2713 videntur
1237 2686 1346 2713 autem
1370 2679 1497 2712 dixisse
1519 2683 1608 2712 vett.
1633 2678 1700 2712 ini-

888 2728 938 2760 tio
969 2729 1098 2766 ποτίος
1131 2737 1151 2759 a
1181 2728 1285 2763 ποτὶ.
1328 2725 1441 2767 πρὸς,
1481 2729 1520 2758 ut
1546 2721 1700 2768 οἶμφίος,

888 2774 979 2807 unde
1013 2769 1178 2816 οἷμφίον,
1215 2771 1365 2814 ἀντίος,
1409 2771 1540 2812 ἄπιος,
1575 2770 1700 2814 ξυνὸς,

888 2819 1038 2874 πρόιᾈος
1078 2818 1224 2859 deiude,
1270 2831 1291 2851 ν
1324 2817 1495 2857 immisso,
1532 2817 1698 2859 πότινος,

886 2865 1041 2906 πότνος,
1068 2863 1240 2904 πάι-νιος,
1263 2870 1303 2897 ut
1326 2863 1389 2897 lioc
1408 2864 1527 2897 vocab.
1556 2864 1700 2910 proprie

888 2912 1064 2963 significet
1093 2910 1158 2944 τόν
1188 2909 1284 2951 πρός
1316 2923 1417 2950 τινος
1453 2909 1565 2950 ὄντα,
1600 2911 1631 2944 li.
1665 2922 1696 2944 e.

888 2956 1066 3010 eilm,51ui
1093 2967 1166 2989 cum
1187 2956 1301 3001 aliquo
1327 2957 1527 2999 conjunctus
1552 2962 1617 2996 est,
1641 2956 1697 2989 vel

887 3003 1057 3049 propitius
1091 3002 1264 3047 utilisque.
1310 3003 1410 3037 aliam
1434 3002 1522 3037 viam
1546 3001 1695 3036 notatio-
