1856 3282
130 90 211 128 118

767 93 1164 136 ΟΜΗΡΟΥ

312 197 331 213 7!
361 194 371 210 ,
452 195 473 213 fl
697 198 706 213 Ν
773 204 791 213 0
924 200 935 216 2
983 202 994 216 Ι
1267 205 1278 218 Ι

291 207 355 240 εισ
384 227 397 250 ,
424 213 469 240 οι
493 213 570 242 κεν
597 214 708 242 κατα
738 200 878 258 δημον
909 206 1139 247 αλαλκοιεν
1167 210 1428 263 κακοτητα.“

340 298 404 331 hoc
428 299 543 334 audito
567 301 697 344 gaudet
717 302 918 347 Menelaus3
944 315 1019 338 mox
1044 316 1172 347 omnes,
1200 318 1309 342 rerum
1335 307 1595 354 praeteritarum
1621 313 1775 347 memoria

259 344 427 387 perculsi,
451 347 695 381 collacrimant.

373 411 462 455 Τὸν
496 411 540 456 6'
574 411 925 484 ἀπαμειβόμενος
953 417 1154 482 προσέφη
1190 419 1352 470 ξανθὸς
1382 421 1626 474 Μενέλαος·

292 484 354 518 ,,ω
382 469 539 522 πόποι,
559 466 599 541 ᾗ
625 470 740 525 μάλα
771 471 824 526 δή
857 474 993 527 φίλου
1024 472 1181 528 ἀνέρος
1210 475 1306 525 υἷος
1336 475 1442 530 ἐμὸν
1471 479 1535 522 663

180 528 260 568 170
289 524 429 577 ἵκεθ’,
461 525 509 576 ὃς
537 526 671 570 εἵνεκ’
700 528 816 581 ἐμεῖο
845 530 1005 580 πολέας
1034 530 1244 585 ἐμόγησεν
1273 531 1491 584 ἀέθλους]

285 582 361 623 καί
388 598 465 637 μιν
494 582 605 654 ἔφην
638 567 825 627 ἐλθόντα
855 586 1091 653 φιλησέμεν
1120 586 1268 643 ε’ξοχον
1296 586 1443 632 ἄλλων

282 636 507 692 Ἀργείων,
535 641 572 681 εἰ
601 643 711 682 νῶϊν
738 640 867 694 ὑπειρ
899 640 982 685 ἅλα
1011 642 1173 686 νόστον
1197 646 1328 688 ἔδωκε

287 695 417 748 νηυσὶ
429 699 581 764 θοῃσι
608 697 814 750 γενέσθαι
837 696 1074 753 Ὀλύμπιος
1103 699 1297 754 εὐρύοπα
1328 701 1450 751 Ζεύς.

288 752 364 792 καί
391 751 439 794 κέ
470 768 513 795 οι
532 752 680 806 ’Ἀργεϊ
706 753 850 797 νάσσα
878 755 1030 806 πόλιν,
1057 756 1132 799 καὶ
1161 756 1325 812 δώματ’
1347 758 1517 814 ε’τευξα,

178 810 257 850 175
287 806 329 858 ἐξ
355 806 527 863 Ἰθακης
556 807 736 864 αγαγών
765 810 846 863 ξύν
873 811 1062 867 κτήμασι
1089 813 1165 856 καὶ
1187 816 1300 858 τέκεί
1328 815 1376 871 ᾧ,

117 963 218 997 modi.
240 965 345 1009 Soph.
372 965 462 1001 Oed.
486 966 560 1000 Col.
587 967 685 1003 394³
719 966 927 1009 ἀνάστατος

117 1008 252 1044 Αυτοῖν
287 1009 485 1054 ἐπέμφθην
526 1011 812 1059 κάξεκηρύχθην
853 1028 943 1060 φυ--

115 1054 193 1099 γάς.
226 1057 271 1089 cf.
298 1057 422 1091 matth.
448 1060 481 1099 §-
505 1059 586 1093 392.

165 1104 241 1136 167.
284 1102 409 1137 κατὰ
436 1105 602 1148 δῆμον,
626 1105 662 1138 ἱη
684 1107 808 1150 populo
829 1106 924 1140 Itha-

116 1148 275 1181 censium
305 1168 349 1173 ——
383 1148 448 1184 ἄλ.
492 1149 750 1194 κακότητα,
783 1155 924 1196 propul—

117 1199 192 1227 snat
222 1195 469 1228 calamitatem.
504 1197 550 1229 cf.
575 1195 617 1240 γ’,
643 1199 722 1237 257,
749 1198 787 1233 Il.
812 1197 854 1234 κ’,
879 1200 921 1232 71

116 1249 180 1272 etc.
209 1240 279 1273 Am.
305 1244 373 1280 Q:
405 1243 506 1296 διατί
527 1241 577 1285 μή
591 1247 787 1298 συμμαχεῖ
807 1242 926 1278 Μενέ-

114 1288 204 1324 λαος
228 1286 347 1338 (καλή
372 1286 440 1330 γάρ
474 1284 496 1331 ἡ
529 1287 734 1332 πρόφασις)
767 1293 924 1333 γυναῖκα

113 1343 314 1373 περισωσαι
350 1335 489 1375 φίλου,
525 1335 578 1375 εἰς
616 1349 663 1370 τα
703 1333 817 1379 ὅμοια
849 1334 922 1371 ’ὑπὸ

116 1376 323 1419 Οδυσσέως
355 1378 626 1424 εὐεργετηθείςς
660 1383 765 1417 διατί
797 1381 835 1416 δὲ
862 1383 924 1417 καὶ

120 1427 206 1467 Τηλ.
237 1423 305 1459 οὐκ
330 1426 428 1460 αἰτεῖ
448 1429 677 1472 συμμαχίαν
691 1427 742 1463 H
768 1426 825 1463 ὅτι
850 1427 923 1463 ἕ-λε

114 1483 174 1514 γεν
195 1468 331 1515 Ἀθηνᾶ
354 1471 431 1514 (α’,
452 1474 575 1528 203),
604 1474 718 1509 ον’τι
754 1473 822 1509 ἔτι
849 1477 923 1518 δη-

115 1515 199 1571 ρόν
241 1530 291 1561 γε
341 1521 487 1562 φίλης
538 1517 632 1554 α’πὸ
681 1522 921 1574 πατρίδος

116 1566 331 1605 ε’σσεται,
381 1563 488 1599 ουδ’
532 1565 670 1609 εἴπερ
716 1565 920 1611 σιδήρεα

116 1608 310 1654 δέσματ’
335 1609 474 1656 ἕχησι,
500 1611 591 1653 μετὰ
618 1611 657 1646 δὲ
677 1626 766 1653 τους
789 1612 921 1657 λόγους

114 1656 272 1696 τούτους
321 1656 558 1701 θεασάμενος
598 1657 666 1713 τήν
706 1657 921 1704 ἀπαλλαγὴν

115 1704 180 1746 τῆς
209 1705 325 1744 θεας,
366 1717 398 1738 κ.
439 1704 552 1759 γνούς
597 1701 657 1739 ὅτι
690 1705 793 1749 παρὰ
824 1708 922 1741 θεοῦ

114 1750 233 1784 ταῦτα
266 1748 438 1806 ἠκηκόει,
472 1749 621 1792 εἰκότως
643 1750 826 1795 ἐκδέχεται
851 1751 922 1795 τήν

113 1795 184 1830 τοῦ
214 1795 357 1839 πατρὸς
388 1798 615 1841 παρουσίαν,
648 1811 679 1832 κ.
712 1800 824 1833 τοῦτο
856 1797 923 1841 μοὶ-

112 1845 217 1876 λιστα
250 1842 402 1877 σπεύδει
434 1846 595 1886 μαθεῖν,
626 1844 703 1880 ποῦ
734 1858 823 1879 ποτε
848 1844 923 1889 ἄρα

113 1886 285 1932 τυγχάνει
303 1887 515 1930 Ὀδυσσεύς.
563 1889 604 1924 τό
632 1889 672 1925 δὲ
694 1890 745 1935 μή
770 1893 923 1936 δεηθέν-

112 1947 176 1975 τος
206 1935 274 1970 τοῦ
315 1934 532 1980 Τηλεμάχου
556 1937 748 1973 ΙΙΙενέλαον
778 1950 923 1983 συμμα-

113 1985 188 2025 χεῖν
218 1981 435 2039 περίεργον·
465 1984 526 2017 δεῖ
554 1995 623 2029 γαρ
649 1982 812 2041 ὠφελεῖν
834 1998 925 2025 τους

114 2029 269 2072 φίλους,
313 2025 338 2063 ἃ
370 2027 582 2073 βουλονται.
641 2028 758 2071 ἄλλως
791 2042 830 2065 τε
862 2032 925 2066 καὶ

115 2073 293 2118 αφορμήν
325 2073 397 2119 ἔχει
432 2075 586 2118 Νέστωρ
621 2089 660 2111 τε
684 2090 717 2112 κ.
741 2080 835 2113 Msv.
857 2079 925 2113 τοῦ

113 2120 164 2166 μὴ
196 2121 344 2176 πέμψαι
375 2124 588 2166 στρατείαν·
622 2123 774 2167 Νέστωρ
799 2122 865 2167 μὲν
885 2123 925 2159 ἐκ

113 2168 184 2202 τοῦ
219 2164 411 2221 αὐτόπτης
450 2168 624 2213 γενέσθαι
661 2171 728 2214 τῆς
771 2173 926 2227 Αθηνᾶς

113 2211 312 2253 πιστεύσας
345 2216 390 2259 τῇ
426 2211 634 2257 Ὀδυσσέως
664 2218 874 2274 παρουσίᾳ,
905 2213 924 2252 6

115 2259 157 2296 ὁε
182 2259 222 2296 ἐκ
257 2261 437 2303 Πρωτέως
465 2260 640 2304 οἰκούσας.
688 2266 724 2297 τί
759 2264 826 2299 οὖν
850 2263 926 2299 ἔδει

115 2305 348 2352 υφαρπαζειν
371 2308 437 2350 τῆς
456 2305 663 2349 Ὀδυσσέως
686 2309 925 2365 ἐκδικήσεως;

117 2355 182 2388 Est
216 2354 281 2387 hoc
312 2354 461 2388 fortasse
493 2355 673 2400 Ροιριιμίἰ
715 2354 857 2401 ζήτημα
890 2363 927 2391 et

116 2401 236 2442 λύσις,
282 2412 347 2444 quo
394 2401 438 2433 de
483 2412 610 2445 genere
653 2402 926 2437 observationum

115 2445 373 2480 Homericarum
416 2458 450 2479 v.
483 2447 555 2491 He)
554 2459 597 2480 n.
633 2459 780 2482 excursu
816 2451 849 2484 Ξ.
881 2449 926 2482 ad

117 2494 154 2528 11.
181 2489 236 2535 ψ’,
261 2503 296 2537 p.
324 2492 404 2526 556.
429 2503 511 2526 sane
535 2504 600 2526 non
628 2495 755 2529 auxiiia
779 2506 927 2540 quaere-

116 2541 176 2572 bat
207 2537 460 2579 Teiemachus‚
497 2539 558 2572 sed
589 2540 726 2573 nuntios
757 2552 858 2575 veros
884 2541 928 2574 de

117 2591 217 2638 patre
241 2584 370 2618 diutius
394 2585 556 2638 absente,
583 2585 642 2629 qui
659 2587 770 2620 nuntii
797 2600 838 2621 ne
863 2587 928 2620 do-

117 2630 161 2664 mi
185 2630 229 2663 ad
254 2642 291 2664 se
315 2630 548 2674 pervenirent,
572 2631 804 2677 impediebant
829 2633 925 2678 proci

119 2676 324 2720 Penelopae.

166 2724 272 2757 169-
282 2722 358 2756 177.
407 2717 625 2759 ωπόποι.
657 2721 705 2765 α’,
730 2725 788 2764 32,
812 2724 854 2759 11.
879 2721 927 2765 α’,

118 2767 186 2802 254
210 2771 277 2800 etc.
314 2787 359 2792 -—
395 2767 632 2812 ἐλθόντα,
673 2782 857 2804 reuersum.
886 2790 923 2795 -

119 2811 399 2871 φιλησέμεν.
427 2814 473 2856 α’,
509 2817 575 2851 123
601 2820 668 2849 etc.
692 2835 738 2842 —-
769 2816 848 2851 καὶ
879 2815 928 2852 κέ

119 2860 162 2894 οἱ
201 2857 360 2904 ’Ἄργεϊ
407 2861 563 2896 νάσσα
607 2862 764 2896 πόλιν.
811 2864 929 2897 urbem

121 2906 269 2950 aliquam
307 2907 479 2949 Argolidis
515 2920 553 2942 se
587 2908 788 2943 donaturum
823 2909 933 2943 fuisse

122 2952 172 2986 ait
196 2951 314 2995 Ulyssi
340 2953 555 2989 habitandum
583 2966 648 2989 una
672 2967 746 2990 cum
771 2959 844 2990 toto
869 2967 931 3001 po—

972 970 1052 1014 pulo
1087 970 1335 1014 Ithacensium,
1376 973 1456 1006 illuc
1496 971 1718 1012 deducendo,
1748 973 1775 1006 si

970 1016 1086 1049 salvus
1112 1017 1291 1058 rediissem
1317 1018 1595 1062 quemadmodum
1613 1019 1635 1052 7
1653 1017 1776 1052 Achilli
1794 1033 1798 1037 ·

970 1062 1073 1094 urbes
1096 1064 1264 1106 promittit
1288 1065 1514 1107 Agamemnon
1538 1063 1578 1097 Il.
1602 1062 1638 1104 ι’,
1665 1063 1775 1098 149—

972 1109 1050 1142 156.
1087 1109 1227 1142 fuerunt
1257 1110 1344 1143 enim
1377 1110 1523 1144 Atridae
1548 1109 1775 1154 potentissimi

970 1153 1284 1198 opu'ientissimique
1327 1155 1470 1189 omnium
1519 1156 1576 1189 illo
1622 1161 1774 1200 tempore

970 1209 1086 1241 regum
1121 1201 1310 1239 Graeciae,
1337 1201 1585 1246 imperiumque
1606 1202 1710 1246 paulo
1734 1201 1775 1234 li·-

971 1244 1085 1276 berius
1110 1244 1268 1279 habuisse
1292 1246 1326 1279 iu
1350 1247 1506 1280 subditos
1531 1247 1703 1288 videntur,
1725 1247 1776 1281 ita

971 1294 1010 1322 ut
1032 1289 1100 1322 inis
1137 1291 1274 1325 licuerit
1297 1292 1391 1325 cives
1425 1293 1558 1326 urbium
1583 1304 1717 1326 suarum
1741 1293 1775 1327 in

971 1336 1135 1388 coleniam
1170 1338 1330 1379 mittere,
1360 1349 1547 1383 rursusque
1572 1341 1775 1383 peregrinos

969 1382 1037 1414 reci
1044 1393 1126 1425 pere
1151 1382 1312 1424 civitate3
1337 1385 1433 1417 velut
1453 1385 1603 1429 Argivos
1623 1385 1658 1418 in
1681 1385 1777 1419 Itha-

970 1438 1041 1460 cam
1067 1428 1201 1465 deduci,
1225 1436 1413 1474 contraque
1436 1430 1636 1464 Ithacenses
1659 1432 1774 1465 urbem

969 1473 1013 1505 ab
1038 1472 1107 1506 illis
1131 1475 1285 1508 relictam
1311 1487 1492 1520 occupare,
1513 1477 1675 1520 jussisset
1699 1478 1776 1511 Me-

966 1518 1107 1558 nelaus,
1132 1519 1165 1552 id
1192 1520 1219 1552 si
1254 1521 1372 1564 Ulyssi
1398 1533 1470 1554 cum
1494 1522 1571 1565 ipso
1596 1525 1772 1556 convenis-

967 1568 1032 1596 set.
1073 1566 1199 1608 vixque
1237 1567 1376 1600 dubium
1419 1568 1486 1600 erit
1514 1568 1643 1611 legenti
1673 1569 1776 1613 hujus

966 1608 1044 1642 libri
1088 1622 1207 1644 versus
1248 1614 1312 1646 601
1335 1633 1380 1637 —
1400 1615 1490 1654 608,
1532 1620 1775 1650 conventurum

966 1654 1096 1697 fuisse,
1144 1657 1311 1711 siquidem
1359 1659 1424 1692 hoc
1466 1659 1564 1692 modo
1611 1660 1775 1695 ditionem

967 1712 1061 1734 suam
1095 1703 1182 1736 urbe
1227 1704 1379 1737 auxisset
1424 1707 1575 1749 prudens
1616 1706 1775 1750 Ulysses‚

967 1758 1098 1790 rexque
1122 1749 1235 1782 adhuc
1259 1751 1493 1785 insulanorum
1513 1752 1615 1785 etiam
1637 1752 1672 1786 in
1692 1765 1776 1787 con-

968 1793 1100 1826 tinente
1143 1795 1313 1829 Graeciae
1364 1796 1478 1830 sedem
1527 1797 1671 1832 fixisset.
1728 1798 1778 1833 ita

967 1839 1122 1873 Phoenix
1146 1841 1188 1874 de
1214 1843 1316 1875 Peleo
1341 1841 1380 1877 ΙΙ.
1403 1844 1426 1878 1.
1445 1855 1475 1876 c.
1500 1843 1602 1878 480.=
1627 1841 1646 1878 ὁ
1670 1842 1712 1880 δέ
1732 1857 1778 1888 με

966 1884 1150 1941 πρόφρων
1172 1883 1371 1929 υπέδεκτο,
1397 1908 1437 1913 -
1458 1891 1534 1924 Καί
1555 1887 1600 1932 μ’
1623 1888 1780 1934 ἀφνειὸν

969 1930 1093 1976 ἕ,θηκε
1117 1933 1264 1969 πολύν
1288 1935 1335 1968 δε
1357 1947 1441 1978 μοι
1465 1947 1625 1971 ωπασε
1648 1937 1778 1972 λαόν·

970 1981 1095 2013 Ναῑον
1120 1979 1161 2013 δ’
1188 1979 1358 2036 ἐσχατιήν
1384 1982 1526 2026 Φθίης,
1551 1981 1779 2019 Δολόπεσσιν
1824 1987 1828 2031 ξ’

970 2022 1154 2059 cimicem.
1189 2027 1240 2060 E:
1276 2024 1334 2061 ὅτι
1371 2029 1499 2072 φιλίαν
1521 2028 1661 2082 πολλὴν
1682 2028 1778 2072 πρός
1825 2064 1827 2070 ,

967 2069 1151 2107 Ὀδυσσέα
1186 2070 1205 2107 ὁ
1240 2076 1334 2108 ΙῑΙεν.
1373 2073 1655 2132 ἐνδεικνύμενος
1680 2077 1778 2132 λέγει

972 2114 1023 2157 ὥς
1046 2117 1215 2164 ἐβούλετο
1239 2123 1441 2163 μετοικίσαι
1456 2118 1573 2156 αὐτὸν
1591 2124 1658 2166 τῆς
1680 2120 1777 2158 Ἰθοὶ-
1825 2122 1828 2126 “

970 2176 1059 2208 κης,
1084 2166 1147 2200 καὶ
1170 2167 1222 2206 εἰς
1245 2165 1312 2211 τὴν
1338 2167 1425 2202 κατ’
1448 2164 1565 2224 αυτόν
1596 2171 1665 2224 γῆν
1689 2168 1776 2214 ἀγα-

970 2214 1058 2254 γεῖν.
1083 2211 1241 2257 -χρὴ
1275 2211 1324 2247 δε
1351 2227 1493 2250 νοειν
1535 2227 1595 2254 ως
1625 2229 1647 2259 η
1683 2229 1776 2251 τοι·

972 2257 1092 2302 αὕτη
1123 2260 1407 2303 μετοίκησις
1438 2259 1679 2318 ἐφ’ύλαττε
1713 2263 1778 2308 τῷ

967 2303 1191 2339 Ὀδυσσεῖ
1226 2305 1302 2340 καὶ
1334 2305 1418 2363 t’fiv
1453 2305 1606 2343 αὐτοῦ
1634 2309 1776 2364 βασι·
1823 2314 1825 2358 f

971 2352 1130 2385 λεί·αν
1165 2349 1206 2385 τὸ
1244 2365 1312 2395 γαρ
1347 2352 1465 2394 ἄλλως
1496 2356 1712 2398 μετοικῆσαι
1739 2351 1778 2392 6-
1822 2382 1825 2406 t

971 2409 1088 2451 μοιον
1104 2392 1169 2442 ἧν,
1195 2399 1308 2442 φασὶ,
1335 2402 1447 2454 φυγῇ.
1477 2420 1519 2425 -—
1542 2400 1585 2436 τὸ
1612 2400 1652 2436 δὲ
1674 2399 1778 2437 νάσ-

972 2455 1028 2478 σα

973 2549 992 2571 0
1012 2536 1238 2593 ἐγκατοίὶκος,
1272 2551 1332 2572 καί
1349 2541 1523 2575 ΐοιῡῦῑον
1545 2552 1613 2584 μὲν
1633 2553 1676 2577 ‘to
1699 2554 1779 2576 vam

971 2581 1092 2618 νάσω·
1126 2582 1168 2618 τὸ
1193 2584 1320 2626 μείτοι
1343 2586 1489 2628 vuigoni
1525 2587 1577 2629 (v.
1604 2585 1655 2631 φ’,
1683 2589 1813 2632 122.)=

971 2626 1059 2665 ἄλλο
1092 2630 1127 2663 τί
1158 2628 1266 2664 ἐστιν.
1297 2643 1332 2664 v.
1367 2632 1405 2665 11
1433 2631 1482 2675 ξ’,
1509 2634 1594 2673 119,
1619 2634 1725 2668 Schn.
1746 2645 1779 2668 v.

972 2674 1070 2717 νάω,
1094 2678 1140 2717 2.,
1168 2676 1295 2711 matth.
1330 2681 1362 2718 ς
1387 2680 1466 2714 242.
1490 2657 1594 2713 Pand'
1618 2679 1721 2724 Pyth.
1745 2672 1823 2722 5‚·'

971 2724 1027 2757 92.
1039 2735 1046 2755 :
1072 2723 1124 2768 τῷ
1149 2725 1402 2780 Λακεδαίμονι
1435 2724 1498 2760 Ἑν
1516 2723 1632 2768 ’Ἀργει
1655 2738 1694 2760 τε
1718 2726 1782 2762 καὶ

973 2768 1092 2815 ζαθὲα
1117 2770 1229 2814 Πύλῳ
1245 2768 1446 2806 ’Έννασσεν
1469 2768 1650 2812 αλκᾶντας
1668 2771 1781 2815 Ἡρα·

974 2814 1034 2850 κλ·-’
1025 2829 1077 2856 -ος
1101 2812 1319 2859 Εκγόιυυς,
1343 2819 1512 2873 Αἰγιμίου
1550 2830 1599 2852 τε.
1627 2837 1671 2842 —-
1706 2823 1779 2853 Am.

977 2862 1044 2901 Ω.
1085 2859 1131 2904 ἐξ
1175 2860 1377 2919 Ἰθάκης.
1434 2862 1525 2899 ω’στε
1559 2862 1683 2909 χώραν
1719 2876 1782 2899 ευ-

978 2909 1140 2951 δαίμονα
1165 2909 1246 2945 α’ντι
1276 2924 1344 2952 της
1366 2912 1518 2967 λυπρᾶς
1534 2909 1673 2956 ἐκείνης
1696 2909 1784 2945 ἆντ-
1817 2912 1820 2936 2

981 2953 1225 2997 uikdguwfimat
1285 2956 1325 2993 τὰ
1358 2955 1428 3002 γάρ
1471 2955 1588 3003 μόνον
1617 2958 1820 3003 μετοικῆ-Ι

1065 2441 1146 2478 οἷντὶ
1171 2447 1241 2478 τοῦ
1269 2445 1467 2501 κατῴκισα.
1516 2445 1563 2481 ου’
1588 2446 1660 2492 γὰρ
1683 2449 1779 2483 ναίω
1822 2480 1824 2483 ,

972 2489 1107 2545 μόνον,
1134 2488 1226 2525 ἀλλὰ
1251 2493 1310 2526 καὶ
1336 2491 1427 2534 mim,
1451 2490 1543 2528 ὅθεν
1562 2493 1622 2529 καὶ
1647 2494 1781 2551 ναέτῃς
1821 2531 1822 2535 ,
