1856 3282
151 129 232 170 120

757 128 1152 173 ΟΜΗΡΟΥ

233 237 287 279 40
316 233 581 288 ἀνθρώπους
608 234 860 292 θέλγουσιν,
891 236 982 289 ὅτις
1012 238 1149 293 σφέας
1177 241 1458 310 εἰσαφίκηται

315 291 432 341 ὅστις
459 291 604 348 ἀϊδρίῃ
623 293 820 364 ῗτελοέσῃ,
850 294 922 336 καὶ
953 294 1171 367 φθόγγον
1183 295 1351 366 ἀκούσῃ

314 347 563 403 Σειρήνων,
592 352 650 406 τῷ
681 349 720 392 δ’
752 349 849 393 οὔτι
876 350 987 406 γυνὴ
1016 352 1088 394 καὶ
1116 350 1248 421 νήπια
1275 352 1404 395 τέκνα

314 404 460 446 οίκαδε
488 395 746 460 νοστήσαντι
775 407 1055 459 παρίσταται,
1087 406 1189 451 οὐδὲ
1216 408 1439 462 γάνυνται,

314 458 422 502 ἀλλά
451 475 496 502 τε
499 464 733 531 Σειρῆνες
761 465 917 517 ,Ίιγυρῇ
944 462 1177 535 θέλγουσιν
1208 463 1349 521 ἀοιδή,

229 516 283 560 45
311 515 467 583 ἥμεναι
495 532 542 559 εν
569 521 765 571 λειμῶνι
794 519 934 568 πολυς
963 517 1006 561 δ’
1039 519 1149 574 ἀμφ’
1183 520 1386 574 ὀστεόφιι
1412 520 1486 571 θις

314 571 490 641 ἀνδρῶν
517 573 802 644 πυθομένων,
832 574 932 625 περὶ
962 575 1008 617 δὲ
1038 576 1152 647 ῥινοὶ
1182 576 1462 630 μινύθουσιν.

312 626 418 670 ἄλλα
445 628 575 682 παρὲξ
604 629 759 685 ελάςιν,
789 630 856 672 ἐπὶ
887 628 930 673 δ’
961 631 1086 675 οὔατ’
1118 631 1290 682 ἀλεῖψαι
1319 632 1514 686 ἑταίρων,

309 685 457 753 κηρὸν
476 684 665 739 δεψήσας
692 686 913 755 μελιηδέα,
942 687 1065 759 μήτις
1095 688 1282 758 ἀκούσῃ

310 755 399 782 των
428 738 589 783 α’λλων·
626 740 734 794 ἀτὰρ
766 741 898 793 αὐτὸς
928 742 1138 800 ἀκουέμεν
1169 746 1216 787 αἴ
1240 742 1282 786 κ’
1314 741 1541 800 ἐθέλῃσθα,

227 797 281 840 50
311 793 537 864 δησάντων
567 795 606 839 σ’
637 797 684 839 ἐν
711 800 788 852 νηϊ
813 803 904 868 θοῃ
921 801 1075 870 χεῖράς
1103 817 1164 853 τε,
1193 799 1332 850 πόδας
1359 816 1416 848 τε,

311 850 498 904 ὀρθὸν,’
481 867 528 895 εν
557 852 783 921 ἱστοπέδῃ,
815 854 862 896 ἐκ
892 854 932 897 δ’
965 857 1103 900 αὐτοῦ
1133 855 1298 909 πείρατ’
1330 854 1535 912 ἀνήφθω,

314 906 437 963 όφρα
465 924 514 952 κε
542 908 802 964 τερπόμενος
832 909 907 954 ὄπ’
940 911 1106 971 ἀκούης
1137 912 1398 968 Σειρήνοιιν.

141 1041 214 1064 σων
249 1029 300 1073 (ἰο
324 1030 497 1066 Sirenusis
525 1031 656 1069 insulis.
698 1044 731 1067 v.
757 1033 882 1068 cellar.
909 1035 940 1068 1.

140 1087 174 1120 p.
195 1076 295 1119 954.)
318 1080 466 1119 πλεῖ-ους
484 1075 509 1122 ἢ
527 1080 727 1122 6c62t7t‘ov9
742 1080 942 1123 διεχουσῶν

140 1123 330 1161 σταδίοις·
356 1128 452 1158 εἰναι
476 1124 513 1158 δ’
539 1123 653 1164 αὖτοές
674 1124 847 1161 σκόπελον
867 1139 942 1170 τρι-

138 1166 327 1211 κόρυφον,
362 1171 575 1225 διείργοντα
608 1171 675 1204 τὸν
707 1172 878 1228 Κύμαιον
908 1185 942 1205 κ.

138 1214 443 1269 Ποσειδωνιατην
472 1214 620 1250 κόλπον.
672 1213 753 1250 ἀλλ’
791 1215 880 1251 ουδὲ
920 1214 939 1252 6

138 1258 312 1299 σκόπελος
334 1261 444 1302 οὗτός
473 1260 547 1296 ἐστι
570 1260 940 1319 191369vq903‚0156'

137 1308 231 1346 ολως
254 1308 488 1350 κορυφοῦται
509 1307 601 1350 πρὸς
625 1306 742 1352 ὕψος,
767 1307 857 1343 ἄλλα
878 1307 940 1353 ἀγ-

137 1350 212 1385 κών
244 1364 297 1392 τις
337 1353 503 1397 (angulus
537 1354 719 1387 montium:
762 1366 795 1388 v.
833 1355 940 1410 Sopb.

137 1398 265 1452 Ajace,
290 1398 389 1442 751.)
422 1399 575 1454 ἔγκειται
597 1398 738 1445 μακρὸς
760 1413 791 1436 κ,
817 1412 857 1435 στ
860 1399 941 1440 ενός

138 1440 214 1478 ἀπὸ
241 1444 316 1498 τῶν
345 1443 439 1479 κατὰ
463 1442 676 1501 Σύῤῥεντον
707 1447 850 1490 χωρίων
880 1445 940 1481 ἐπὶ

137 1488 202 1528 τὸν
224 1487 318 1524 κατὰ
342 1490 518 1533 Καπρέας
550 1490 746 1536 πορθμὸν,
783 1491 842 1528 ἐπὶ
865 1490 940 1528 θά-

137 1547 224 1580 τερα
247 1548 314 1579 μεν
337 1538 402 1581 τῆς
427 1536 573 1580 ὀρεινῆς
591 1537 632 1572 td
655 1540 729 1572 τῶν
746 1537 881 1583 Σειρή·
879 1551 939 1572 ων

137 1581 236 1623 ἱερόν
271 1580 381 1637 έχων,
423 1582 482 1618 ἐπὶ
512 1581 655 1626 θάτερα
694 1582 734 1619 δὲ
765 1584 857 1642 πρὸς
888 1585 941 1631 τῷ

137 1625 415 1685 Ποσειδωνιατῃ
438 1628 560 1674 κόλπῳ
582 1630 730 1672 νησίδια
741 1633 831 1685 ‘tola
848 1644 940 1673 προ-

136 1674 303 1717 κείμενα,
341 1687 478 1718 ερημα,
484 1676 698 1730 πετρώδη,
734 1672 759 1710 δι’
789 1680 940 1711 nanim

135 1721 333 1777 Σειρῆνας,
362 1719 422 1755 ἐπ’
445 1718 547 1778 αὐτῷ
572 1720 610 1756 δὲ
636 1722 687 1766 τῷ
711 1723 872 1778 πορθμῷ
896 1720 937 1756 τὸ

135 1763 331 1821 Ἀθήναιον
347 1790 357 1809 ,
371 1778 466 1808 ῳπερ
485 1766 675 1810 ὁμωνυμεῖ
695 1769 756 1802 καὶ
780 1767 799 1804 ὁ
818 1766 940 1812 ἀγκών

137 1808 252 1851 αυτὸς
269 1816 336 1845 etc.
368 1812 409 1845 P.
431 1812 568 1846 Mela⁶>
546 1834 578 1853 4,
603 1813 657 1848 4.:
685 1833 722 1838 —
752 1815 941 1848 Paestanus

137 1858 249 1898 sinus,
277 1857 437 1891 Paestum
462 1859 643 1902 oppidum,
670 1860 800 1893 Silcrus
816 1861 937 1902 amuis,

137 1903 314 1945 Picentia,
348 1903 492 1944 Petrae,
529 1916 612 1948 quas
636 1904 774 1938 Sirenes
808 1906 941 1939 habita-

137 1960 231 1990 vere,
248 1950 427 1982 Minervae
441 1952 717 1993 promontorium,
739 1953 850 1984 omnia
871 1952 940 1984 Lu-

138 1996 261 2028 caniae
285 1995 370 2027 loca.
392 2013 438 2019 —-
469 1995 665 2029 Leucosiam
690 1997 829 2030 insulam
855 1997 939 2030 mari

137 2041 288 2074 avulsam
321 2041 477 2074 Sirenum
496 2043 726 2084 promontorio
758 2042 842 2076 dicit
866 2042 939 2075 Pli—

137 2086 213 2120 nius
236 2088 269 2120 2.
294 2097 369 2130 cap.
393 2087 449 2120 88.
496 2086 582 2120 idem
607 2089 650 2128 3,
675 2088 731 2122 5.:
755 2107 798 2112 —
825 2089 939 2122 littore

138 2132 325 2174 Νεαροῑίες
349 2150 394 2156 -
417 2131 653 2176 Parthenope,
685 2144 705 2166 a
734 2134 858 2167 tumulo
882 2134 939 2166 Si-

136 2177 229 2212 renis
264 2177 438 2221 appellata
471 2178 543 2220 (cui
571 2178 787 2223 Parthenope
818 2190 939 2213 nomen

136 2223 216 2256 fuit.
248 2223 421 2257 Strabo5.
446 2223 592 2267 [),.,246
618 2225 824 2268 Stephanus,
844 2225 939 2258 Mar-

136 2268 248 2302 tianus
271 2270 303 2308 6,
328 2278 402 2311 cap.
427 2234 471 2300 de
494 2248 725 2302 conditoribus
748 2271 832 2303 Urb.
859 2281 940 2314 pag.

136 2315 239 2356 206.,
274 2313 411 2346 Solinus
446 2325 520 2358 cap,

137 2339 239 2392 triuni
263 2358 310 2402 [?]
336 2359 420 2391 haec
454 2359 588 2393 nomina
621 2371 675 2405 ap.
703 2361 825 2397 'lzetz.
849 2361 939 2395 Chil-

136 2406 180 2445 6,
205 2406 283 2439 719.
308 2402 501 2446 Λευκόσια,
525 2407 671 2449 Λίγεια,
699 2406 937 2452 Παρθενόπη.

137 2429 349 2493 H’arduin.)‚
377 2450 632 2492 Hermlaninm,
660 2452 821 2496 Pompejt',
844 2454 938 2487 haud

136 2497 254 2540 procul
290 2496 511 2539 adspectante
543 2502 654 2530 monte
683 2499 847 2540 Vesuvio,
884 2500 939 2532 al-

138 2542 251 2577 luente
281 2553 360 2574 vero
389 2542 500 2574 sarno
525 2554 646 2583 amne3
678 2555 767 2588 ager
791 2545 938 2578 Nuceri-

137 2597 222 2627 nus,
255 2591 288 2620 et
320 2588 342 2627 9
375 2587 486 2621 millia
508 2599 672 2631 passuum
696 2602 718 2622 a
742 2591 831 2623 maii
864 2592 938 2634 ipsa

138 2633 314 2672 Nuceria,
360 2634 560 2666 Surrentum
600 2646 675 2667 cum
709 2637 936 2678 promontorio

140 2679 329 2717 Minervae,
354 2678 507 2711 Sirenum
528 2681 693 2724 quondam
719 2681 810 2716 sede.
845 2682 937 2714 Har-

138 2723 277 2759 duinus:
298 2747 321 2763 „
326 2725 532 2758 Surrentum.
556 2727 725 2760 Surrento.
752 2725 938 2769 ibid-uom-

136 2767 265 2813 τήριον
296 2766 492 2812 Ἀθήναιον
524 2771 685 2804 Straboni
716 2773 749 2806 5.
784 2784 818 2817 p.
843 2773 935 2813 247„

136 2826 222 2849 nunc
249 2826 381 2860 quoque
401 2816 500 2858 capo
527 2817 618 2849 della
641 2818 819 2858 Minerva5
845 2819 938 2852 Sire-

135 2861 256 2894 m‘anos
284 2865 413 2894 montes
437 2862 619 2896 Frontinus
652 2870 753 2898 vocat
782 2863 868 2897 libro
894 2864 937 2897 do

137 2905 255 2939 colon.
292 2917 325 2951 p.
352 2906 427 2940 125.
462 2907 504 2940 ab
538 2919 578 2941 ea
610 2908 749 2951 regione
780 2909 936 2943 Sirenum

139 2961 253 2984 nomen
280 2951 416 2996 aceepit
438 2951 538 2987 Hom.
562 2953 689 2998 Odyss.
713 2951 768 2998 μ’,
792 2953 853 2988 sed
877 2964 935 2988 eas

553 2316 587 2349 2.
621 2326 656 2359 p.
691 2317 743 2351 13.
783 2316 946 2349 Sirenum·

985 1037 1137 1082 virgines
1160 1037 1255 1080 facit,
1280 1049 1366 1081 quae
1390 1040 1424 1070 et
1448 1036 1615 1070 cantando
1639 1037 1784 1082 permul-

987 1090 1102 1117 cerent
1125 1094 1248 1123 aureS,
1284 1089 1319 1116 et
1349 1089 1486 1116 nossent
1512 1084 1647 1118 labores
1672 1084 1785 1116 Grae-

986 1141 1097 1162 corum
1130 1140 1169 1161 ac
1194 1129 1438 1171 Troianorum,
1470 1129 1619 1173 aliosque
1649 1129 1684 1162 in
1708 1134 1781 1163 toto

986 1176 1090 1214 orbe,
1122 1185 1223 1206 versu
1258 1176 1369 1209 190.“
1416 1174 1529 1217 lepida
1557 1180 1657 1214 sunt,
1696 1186 1783 1219 quae

987 1219 1102 1257 addit,
1137 1219 1240 1252 haec:
1276 1219 1342 1259 „in
1375 1230 1415 1252 ea
1447 1230 1528 1253 vcro
1553 1220 1670 1253 fabula
1692 1220 1785 1253 aliud

987 1264 1069 1298 nihil
1092 1264 1230 1297 Sirenes
1255 1276 1354 1308 quam
1382 1264 1650 1308 conscriptiones
1673 1265 1785 1299 histo-

985 1311 1080 1344 ricae
1103 1315 1139 1344 et
1161 1313 1280 1354 poiffses
1303 1309 1478 1343 fabulosae
1509 1315 1609 1350 sunt,
1643 1321 1784 1354 quarum

985 1357 1132 1390 lectione
1156 1356 1356 1399 capiebatur
1378 1355 1533 1400 Ulysses.
1573 1355 1626 1388 bis
1649 1357 1786 1400 alligari

987 1413 1060 1435 euti
1084 1402 1255 1445 oportuit,
1280 1413 1322 1434 ne
1346 1401 1393 1434 ibi
1417 1407 1588 1442 maneret,
1609 1401 1659 1444 μ’,
1685 1405 1761 1437 196.
1772 1415 1784 1444 3

986 1459 1052 1492 quo
1078 1447 1310 1490 significatur,
1336 1458 1411 1480 cum
1435 1458 1490 1480 res
1515 1447 1700 1481 domestica
1724 1460 1786 1482 cu-

985 1494 1096 1526 randa
1121 1498 1192 1532 est,
1224 1493 1310 1526 male
1334 1494 1400 1526 teri
1424 1497 1555 1539 tempus
1578 1493 1612 1527 in
1635 1494 1784 1528 lectione

985 1539 1148 1572 historiae
1180 1538 1255 1572 sive
1288 1539 1488 1574 fabularum.
1536 1539 1669 1583 Ulyssis
1700 1540 1785 1573 socii

985 1584 1053 1629 ipsi
1085 1585 1137 1628 (2)
1171 1584 1236 1617 sibi
1277 1589 1399 1628 sponte
1432 1595 1532 1617 aures
1565 1586 1785 1629 obturavere,

986 1630 1141 1674 quoniam
1166 1630 1262 1674 plebs
1285 1629 1383 1670 scil.,
1407 1629 1482 1663 aliis
1507 1630 1656 1664 distenta
1678 1631 1783 1673 curis,

985 1675 1022 1708 id
1056 1686 1162 1718 genus
1201 1674 1388 1708 studiorum
1424 1675 1580 1719 negligit.
1635 1675 1785 1711 incolere

986 1720 1145 1754 dicuntur
1168 1721 1307 1754 Sirenes
1337 1726 1472 1765 pratum
1496 1733 1689 1763 amoenum,
1724 1723 1785 1757 sed

985 1772 1191 1800 mortuorum
1218 1767 1351 1800 ossibus
1375 1766 1530 1810 plenum,
1558 1768 1712 1812 quoniam
1731 1769 1785 1802 hi-

986 1813 1094 1845 storia
1117 1824 1183 1845 non
1208 1812 1272 1845 nisi
1295 1812 1337 1845 de
1357 1813 1498 1846 mortuis
1522 1813 1698 1858 loquitur“
1718 1820 1785 1848 etc.

984 1857 1090 1890 habes
1121 1864 1255 1901 gustum
1288 1857 1545 1902 allegoriarum,
1580 1859 1700 1904 quibus
1730 1860 1788 1894 Si-

985 1914 1101 1936 renum
1126 1904 1299 1937 historiam
1322 1904 1602 1938 obscuraverunt.

1030 1949 1118 1982 41—
1124 1951 1178 1984 51.
1221 1948 1388 1995 ἀϊδρίῃ
1366 1963 1400 1994 η.
1424 1950 1474 1992 sic
1490 1955 1576 1984 vett
1591 1951 1669 1985 edd.
1686 1951 1786 1990 codd.

986 1992 1151 2038 Vindob„
1178 1995 1221 2034 E,
1247 1996 1361 2036 Barn„
1387 1995 1453 2037 ct,
1477 1997 1535 2038 W,
1559 1997 1606 2030 Β.
1632 1995 1786 2043 ἀιδρείῃ.

983 2049 1017 2072 v.
1042 2051 1117 2074 ann.
1141 2041 1183 2073 ad
1208 2041 1248 2075 ΙΙ.
1282 2039 1331 2081 λ’,
1354 2042 1432 2076 271.
1459 2062 1506 2069 --
1547 2044 1606 2090 τῷ
1630 2043 1698 2087 δὲ,
1732 2045 1786 2091 τῷ

985 2083 1044 2129 δή.
1082 2087 1126 2119 cf
1152 2086 1197 2120 54
1219 2091 1283 2120 etc.
1304 2106 1348 2111 —
1381 2088 1454 2122 Am.
1477 2088 1546 2128 Q.:
1569 2080 1783 2145 τῷ-γυ-

984 2130 1052 2174 νή.
1092 2133 1203 2166 τοῦτο
1236 2131 1286 2176 λε’)
1287 2144 1327 2167 ει
1351 2132 1415 2166 διὰ
1445 2132 1487 2169 τὸ
1511 2147 1600 2174 τους
1624 2133 1783 2171 ἀκούον-

984 2190 1049 2217 τας
1072 2179 1139 2212 τοῦ
1162 2177 1293 2222 μέλους
1323 2179 1398 2211 ταῖν
1421 2177 1611 2224 Σειρήνων
1640 2194 1690 2225 μη
1717 2181 1782 2218 δύ-

985 2225 1123 2257 νασθαι
1153 2226 1356 2280 κινηθῆναι
1389 2222 1447 2259 ἐπὶ
1480 2227 1550 2260 τοῦ
1583 2227 1708 2268 πρόσω
1736 2230 1784 2274 τῇ

985 2267 1131 2313 ἀρρήτῳ
1152 2270 1217 2313 τῆς
1241 2267 1372 2312 ἀοιδῆς
1394 2267 1534 2318 ἡδονῇ,
1571 2269 1662 2308 ἀλλὰ
1685 2275 1782 2320 θνή-

985 2325 1080 2349 σκειν
1104 2315 1238 2359 ταύτης
1258 2315 1472 2357 ακούοντας.
1509 2302 1782 2375 (γάνυνται,

985 2362 1169 2396 laetantur.
1213 2362 1251 2395 11.
1281 2360 1335 2404 ν’,
1359 2361 1427 2398 493
1450 2370 1516 2400 etc.
1544 2382 1589 2390 --
1629 2363 1783 2402 ὀστεό-

984 2420 1077 2452 φιτ.
1109 2406 1149 2448 ξ’,
1175 2407 1261 2449 134,
1286 2405 1335 2448 π’,
1363 2410 1437 2444 145.
1458 2428 1503 2435 -
1534 2411 1635 2452 θὶς,
1663 2413 1782 2456 σορός,

983 2464 1135 2487 acervus
1171 2465 1203 2486 v.
1229 2456 1293 2498 Ap.
1327 2457 1361 2486 et
1383 2454 1487 2489 Schn.
1512 2456 1542 2489 h.
1567 2458 1630 2500 V.)
1676 2471 1758 2504 περ
1768 2459 1781 2494 2

983 2495 1351 2541 -μινόθουσιν,
1360 2498 1435 2544 (δ’,
1456 2502 1524 2537 374
1539 2504 1624 2547 etc.)
1642 2505 1722 2550 περι
1737 2473 1782 2540 δὲ

980 2543 1026 2579 τοὶ
1059 2543 1166 2580 ὀστέα
1198 2544 1243 2580 τὰ
1275 2543 1436 2588 δέρματα
1460 2545 1650 2591 σήπονται.
1697 2551 1782 2596 (Ap.

983 2590 1133 2624 emend..
1166 2589 1397 2645 δεψήσας.
1429 2592 1603 2636 μαλαξας.
1627 2615 1673 2621 -
1706 2598 1779 2640 δη·

981 2648 1224 2671 σαντων-
1244 2635 1465 2674 δεόντων.
1491 2639 1615 2675 matth.
1633 2645 1666 2685 §-
1684 2609 1779 2684 19371.)

983 2682 1206 2727 ἱστοπέδῃ
1232 2684 1327 2740 (162,
1345 2685 1442 2728 179).
1477 2683 1594 2726 ὀρθὸν
1617 2687 1726 2730 ξύλον
1741 2686 1779 2722 ἐκ

981 2725 1596 2818 23³³03⁶²{3222?;..⁶⁰.3²⁹}⁶22222‘5‘
1624 2731 1780 2822 {3533

983 2819 1075 2856 aliud
1100 2829 1149 2854 est
1159 2820 1339 2874 ἱστοδόκῃ
1364 2822 1403 2856 ΙΙ.
1428 2790 1473 2862 ξ’,
1489 2823 1587 2867 434.)
1612 2825 1779 2870 Σειρή-

981 2870 1121 2900 νοιιν.
1154 2863 1212 2901 ὅτι
1237 2835 1424 2901 66071’2168·
1440 2865 1611 2912 ’Όμηρον
1633 2884 1673 2905 αι
1694 2873 1786 2906 Est--

981 2911 1105 2954 ρῆνες,
1132 2911 1176 2947 ον’
1201 2915 1306 2955 τρεῖς.
1353 2914 1503 2948 cf.167.
1536 2915 1644 2949 nescit
1667 2921 1780 2951 tamen

983 2957 1030 2999 E,
1052 2969 1094 2990 an
1115 2958 1326 3003 Σειρήνοιιν
1343 2957 1430 2993 idem
1446 2958 1616 3004 significet
1635 2973 1678 2997 ac
1697 2963 1784 2997 Zet·-
