1856 3282
549 117 1134 161 ΟΔΤΣΣΕΙΑΣ
1194 118 1240 158 Ο.

1629 121 1714 161 233

244 228 332 272 ἔστι
361 227 408 271 δὲ
434 228 765 298 τερπομένοισιν
794 227 1028 297 ἀκουέμεν
1068 223 1173 268 οὐδὲ
1198 227 1239 269 τί
1269 237 1316 270 σε
1348 242 1443 284 χρη,

241 285 346 338 πρὶν
375 300 488 338 ωρη.
517 285 802 356 καταλέχθαι·
833 284 932 340 α’νίη
961 282 1035 327 καὶ
1061 281 1198 332 πολύς
1225 281 1380 333 ὕπνος.

130 344 212 387 395
245 345 332 384 τῶν
363 339 403 383 δ’
436 340 578 384 ἄλλων
608 341 731 386 ὅτινα
758 343 916 412 κραδίη
945 339 1018 384 καὶ
1045 338 1189 392 θυμός
1220 337 1390 395 ἀνώγει,

241 395 400 441 εὑδέτω
428 397 635 452 ἐξεθών,
665 397 755 453 ἅμα
785 397 828 441 δ’
858 396 936 452 ἠοῖ
962 393 1258 463 φαινομένῃφι

242 452 476 525 δειπνήσας
506 453 586 509 ἅμ’
618 454 766 498 ὕεσσιν
796 453 1105 509 ἀνακτορίῃσιν
1135 449 1317 493 ἑπέσθω.

241 513 326 553 νῶι·
356 508 400 552 δ’
436 508 501 553 ἐνὶ
527 512 670 579 κλισίῃ
699 510 872 554 πίνοντέ
900 526 967 562 τε,
997 505 1240 561 δαινυμένω
1269 521 1326 558 τε,

243 564 422 636 κήδεσιν
451 563 650 623 α’λλήλων
677 566 932 622 τερπώμεθα
961 563 1238 633 λευγαλέοισι,

134 624 216 667 400
246 621 504 691 μνωομένω·
528 624 640 692 μετὰ
668 623 755 693 γάρ
783 638 828 666 τε
857 623 930 666 καὶ
960 621 1105 675 ἄλγεσι
1133 617 1332 690 τέρπεται
1364 616 1486 673 ἀνὴρ,

246 677 364 729 ὅστις
394 678 447 734 δὴ
477 678 592 733 μάλα
621 679 760 723 πολλὰ
789 678 935 750 πάθῃ,
965 678 1040 720 καὶ
1067 674 1196 719 πόλλ’
1227 674 1436 727 ἐπαληθῇ.

244 738 373 778 τοῦτο
405 735 452 778 δέ
480 751 548 779 τοι
576 735 703 792 ἐρέω,
734 735 759 779 ὅ
788 734 838 790 μ’
868 735 1063 788 ἀνείρεαι
1095 730 1172 788 ἠδὲ
1201 732 1425 787 μεταλλεῖς.

668 836 813 871 Eumaei
837 846 946 881 genus
969 834 1096 869 nobile.

321 914 514 971 ,,Νῆὄός
542 931 607 968 τις
635 916 778 972 Συρίη
810 914 1104 972 κικλήσκεται,
1134 915 1175 958 εἴ
1199 927 1288 958 που
1318 910 1508 963 ἀκούεις,

67 1073 210 1130 quidem
234 1073 393 1108 dormire.
412 1092 458 1099 -
483 1074 602 1108 Harl.
627 1069 878 1129 ἀκουέμεν.

67 1116 296 1163 Ἀρίσταρχος
334 1117 560 1161 ἀκούειν,
609 1116 658 1159 ὦς
701 1116 880 1155 εὕδειν.

73 1163 194 1199 debitis
217 1165 296 1199 mihi
318 1166 394 1199 visa
417 1165 505 1200 ratio
527 1165 689 1206 mutandi,
714 1177 802 1210 quae
825 1170 881 1198 ta-

72 1222 147 1244 men
173 1211 303 1255 placuit
321 1211 461 1255 Wolfio,
488 1217 528 1246 nt.
552 1211 610 1254 qui
627 1222 782 1255 magnam
801 1211 881 1244 Ari-

73 1258 210 1291 starcho
241 1257 482 1291 auctoritatem
515 1258 694 1291 tribueret.
744 1255 879 1291 ἀκουέ-

72 1313 137 1346 μεν
171 1303 268 1336 Harl.
281 1328 291 1345 ‚
324 1303 426 1337 codd.
459 1301 760 1346 vindobonenses,
802 1302 879 1335 edd.

73 1359 148 1382 cum
174 1354 280 1390 vett„
306 1353 377 1383 tum
401 1348 532 1382 mediae
555 1349 680 1383 aetatis
704 1360 812 1394 usque
835 1348 880 1382 ad

72 1394 206 1437 Alteri,
239 1395 389 1440 denique
413 1395 468 1436 1323
501 1406 600 1439 quam
634 1396 744 1428 bonae
777 1399 880 1428 notae

74 1441 283 1484 scripturam
308 1439 551 1475 restituendam
571 1444 712 1496 poetae
717 1440 880 1475 duximus.

75 1505 120 1511 —-
144 1486 195 1520 E:
220 1485 262 1522 τὸ
288 1485 328 1522 δε
354 1485 405 1531 μὴ
428 1486 560 1531 χρῆναι
586 1485 656 1531 πρὸ
682 1482 779 1531 ω’ρας
802 1499 881 1521 κοι-

73 1533 233 1590 μεῖσθαι
250 1532 438 1576 γνωμικῶς
469 1536 603 1573 κεῖται,
637 1533 698 1568 καὶ
722 1532 882 1588 μάλιστα

74 1577 118 1614 τὸ
152 1574 267 1613 οἷνία
298 1592 375 1613 και
400 1578 554 1619 πολνς
576 1577 748 1620 ὕπνος,
781 1575 880 1635 ἄφο-

75 1624 245 1669 ριστικῶς
273 1623 404 1669 λεχθὲν
435 1624 530 1659 κατὰ
563 1629 764 1682 συντομίαν
787 1623 882 1660 ἄπο-

77 1671 345 1729 φθεγματικήν.
391 1671 504 1724 δῆλον
527 1672 587 1714 δε,
621 1685 670 1713 ως
695 1685 741 1706 ου
766 1671 883 1715 μόνον

77 1717 192 1758 ἄλλως
217 1713 304 1752 ἀνία
328 1713 348 1752 ὃ
372 1715 511 1773 μακρὸς
532 1716 671 1760 ὕπνος,
704 1716 796 1753 ἀλλά
822 1716 884 1752 καὶ

76 1761 242 1820 ἡμισεύει
264 1764 307 1798 τὸ
332 1765 416 1820 ζῇν
421 1761 530 1807 ἡμῖν·
562 1765 620 1800 διό
646 1764 708 1800 καὶ
732 1763 883 1799 θανά-

76 1824 136 1855 τςο
171 1809 366 1854 ἄγχιστα
398 1822 523 1845 εοικε
558 1809 624 1855 (ν’,
659 1811 733 1854 80).
781 1812 882 1852 ,,-Αε

77 1846 211 1890 sc⁴hines
235 1868 290 1901 ap.
315 1855 437 1900 Stob„
462 1867 560 1890 serm.
585 1859 640 1893 69.
667 1857 710 1890 de
734 1856 880 1891 Somno·

76 1902 119 1938 τὸ
143 1902 258 1946 πέραν
274 1901 474 1937 καθεύδειν
494 1903 562 1936 τοῦ
580 1901 784 1945 πρέποντος
803 1906 880 1943 τοῖς

77 1947 274 1993 τεθνηκόσι
297 1949 434 1992 μᾶλλον
464 1947 554 1992 ἢπερ
579 1952 656 1989 τοῖς
680 1949 785 2005 ζΓωσιν
809 1945 881 1992 ἁρ-

77 1995 226 2051 μόδιον.
259 1995 358 2029 Plato
379 1997 412 2030 7.
436 1995 479 2029 de
497 1995 668 2040 Legibus:
693 1991 793 2036 ὅστις
813 1996 883 2029 τοῦ

77 2043 144 2088 ζῇν
168 2039 271 2097 ἡμῶν
301 2055 334 2076 κ.
359 2042 426 2076 τοῦ
452 2045 604 2085 φρονεῖν
627 2040 785 2092 μάλιστα
808 2039 882 2076 ἐστὶ

77 2087 260 2146 κηδεμορν,
283 2085 453 2145 ἐγρήγορε
469 2087 603 2132 χρόνον
628 2094 679 2142 ως
701 2090 882 2130 πλεῖστον,

77 2134 121 2170 τό
147 2133 240 2178 πρὸς
273 2129 416 2178 ὑγίειαν
450 2133 565 2169 αὐτοῦ
598 2134 715 2176 μόνον
740 2133 883 2178 φυλάτ-

77 2193 151 2216 των
173 2179 359 2226 χρήσιμον.
370 2180 395 2199 “
427 2180 463 2217 Ε
487 2180 537 2214 CI.
586 2181 690 2215 Ovid.
715 2181 824 2217 Amor.
849 2182 884 2221 2,

79 2229 134 2264 9.
157 2229 279 2267 strate,
303 2226 384 2270 quid
409 2231 458 2260 est
481 2237 628 2268 somnus,
653 2228 793 2271 gelidae
818 2227 885 2260 nisi

80 2273 199 2307 mortio
231 2271 378 2316 imago?
427 2275 551 2318 Longa
584 2273 777 2317 quiescendi
798 2278 886 2307 tem-

78 2330 167 2364 pora
183 2320 269 2361 fata
298 2318 442 2352 dabunt.

129 2387 208 2421 395.
253 2385 306 2430 θ’,
329 2385 407 2421 204.
456 2386 506 2420 E:
541 2384 583 2422 τὸ
615 2400 754 2422 οτινα
777 2399 885 2432 ποιη-

82 2430 184 2468 τικόν
197 2411 424 2477 δύσχρηστον
444 2431 537 2468 κατὰ
557 2432 599 2468 τὸ
625 2431 799 2474 ὅτινας.
822 2435 883 2478 (11.

84 2477 129 2523 ο’,
152 2479 250 2523 492.)
275 2479 320 2514 cf.
344 2479 466 2514 Matth.
493 2481 527 2522 §-
559 2480 645 2523 153,
669 2492 746 2515 ann.
771 2483 804 2516 1.

129 2549 253 2583 397—
264 2545 344 2584 401.
392 2545 744 2594 ἀνακτορίῃσιν.
790 2552 884 2583 recte

83 2593 304 2629 Aristarchus
337 2604 391 2638 ap.
417 2594 480 2649 Ap.
505 2594 633 2628 emend.
659 2596 691 2629 h.
716 2606 769 2629 v.·
802 2597 885 2634 ταῖς

83 2639 160 2675 τῶν
183 2636 395 2682 ἀνακτόρων
415 2636 516 2684 ῧεσι,
540 2647 576 2674 et
599 2641 674 2686 ipse
698 2643 780 2686 Apa
805 2644 887 2681 ταῖς

83 2687 154 2722 τοῦ
185 2683 363 2728 ἄνακτος,
405 2683 487 2721 οἷον
517 2699 584 2722 του
618 2687 807 2724 δεσπότου.
838 2706 884 2712 —-

84 2729 384 2785 μνωομένω,
403 2733 574 2766 recordati
598 2734 706 2767 ambo.
740 2731 793 2774 6,
819 2734 885 2769 106

86 2783 152 2812 etc.
182 2796 228 2803 —
270 2773 387 2819 μετὰ
421 2796 466 2802 --
500 2775 589 2822 ἄνη
567 2777 635 2822 η’.ρ
677 2779 883 2821 memoriter,

86 2823 231 2879 opinor,
263 2823 406 2858 Aristot.
432 2823 534 2858 Rhet.
569 2827 606 2866 1,
630 2826 684 2859 9.=
724 2823 815 2878 μετὰ
841 2842 885 2850 -

85 2867 180 2914 ανῆρ
212 2867 434 2913 Μνήμενος,
468 2868 569 2911 ὅστις
602 2869 717 2905 πολλοὶ
750 2869 885 2912 πάθοι,

84 2916 146 2952 καὶ
176 2914 294 2951 πολλοὶ
327 2914 462 2962 ἐόργοι.
508 2916 596 2952 idem
620 2916 722 2951 Rhet.
747 2919 886 2960 1,11.‚

926 1076 1068 1107 notante
1100 1072 1173 1107 01..
1216 1070 1264 1107 τοὶ
1296 1083 1363 1127 μεν
1397 1064 1468 1105 οὖν
1496 1080 1731 1114 μνημονεντα

927 1119 1022 1163 ἡδέα
1046 1118 1166 1161 ἐστὶν,
1199 1117 1244 1153 οὔ
1268 1117 1384 1162 μόνον
1410 1113 1480 1151 ὅσα
1502 1115 1540 1151 ἐν
1562 1116 1614 1162 τῷ
1617 1127 1730 1172 παρ-

928 1166 1027 1206 όντι,
1058 1162 1119 1200 ότε
1151 1165 1294 1220 παρῆν,
1326 1162 1418 1221 ἡδέα
1443 1163 1506 1206 ἠν,
1541 1151 1626 1196 ἀλλ’
1650 1160 1732 1196 ἔνια

925 1211 987 1246 καὶ
1014 1208 1085 1245 οὐκ
1114 1208 1225 1254 ἡδέα,
1261 1224 1308 1245 αν
1332 1223 1355 1255 ῃ
1387 1207 1540 1263 ὕστερον
1561 1205 1675 1243 καλὸν
1697 1220 1733 1263 κ;

927 1256 972 1298 ἄν
966 1256 1075 1292 αθόν
1099 1256 1140 1293 τὸ
1165 1270 1256 1301 μετα
1277 1259 1399 1291 τοῦτο.
1433 1251 1526 1291 ὅθεν
1549 1254 1610 1289 καὶ
1632 1249 1733 1289 τοῦτ’

928 1304 1077 1362 εἴρηται
1104 1303 1240 1358 (Eurip.
1272 1301 1474 1337 Andromed.
1498 1301 1618 1345 fragm.
1645 1302 1697 1335 10.
1700 1300 1731 1348 )‚

926 1348 1022 1385 ἀλλ’
1058 1346 1145 1406 ἡδύ
1178 1362 1272 1392 τοι,
1315 1347 1530 1384 σωθέντα
1564 1347 1734 1390 μεμνῆ-

929 1399 1047 1432 σθαι
1078 1395 1250 1438 πόνων,
1282 1395 1343 1430 καὶ
1367 1413 1412 1419 -
1434 1392 1547 1438 μετοέ
1573 1392 1662 1450 γάρ
1686 1404 1734 1427 τε

926 1461 971 1469 -
996 1439 1126 1486 οἶνήρ
1161 1441 1335 1478 τοιούτου
1356 1439 1398 1476 δ’
1423 1441 1556 1481 αἴτιον,
1580 1437 1638 1475 ὅτι
1659 1437 1731 1482 ἡδυ

926 1489 987 1524 καὶ
1013 1487 1054 1524 τό
1079 1488 1131 1533 μὴ
1159 1488 1252 1533 ἔχειν
1276 1488 1316 1523 τὸ
1336 1486 1462 1522 κακόν.
1499 1487 1573 1522 Cic.
1597 1486 1640 1519 de
1658 1485 1735 1520 Fin.

927 1538 968 1579 2,
994 1537 1072 1571 32:
1105 1537 1187 1579 quid
1212 1537 1240 1569 si
1265 1541 1309 1569 etz
1305 1536 1368 1568 'am
1386 1534 1546 1577 jucunda
1571 1532 1736 1566 memmio

927 1561 976 1617 es't
1008 1584 1276 1626 praeteritorum
1312 1579 1509 1615 malorum?
1543 1598 1588 1603 —
1630 1580 1736 1624 vulgo

928 1628 1018 1662 enim
1049 1628 1176 1661 dicitur
1214 1627 1359 1661 Jucundi
1403 1626 1472 1660 acti
1505 1625 1639 1659 labores
1669 1630 1735 1661 etc,

928 1675 1024 1718 Virg.
1050 1677 1132 1709 Aen.
1158 1677 1196 1714 1,
1220 1675 1322 1709 203..
1344 1675 1465 1716 forsan
1490 1677 1524 1706 et
1547 1672 1630 1705 haec
1654 1672 1736 1705 olim

929 1721 1122 1754 meminisse
1144 1720 1295 1762 juvabit.
1352 1719 1485 1752 Seneca
1525 1718 1630 1751 Herc.
1666 1718 1734 1751 fur.

929 1768 1028 1802 6561:
1055 1778 1143 1810 quac
1161 1766 1234 1809 fuit
1258 1766 1379 1798 durum
1401 1765 1502 1808 pati,
1538 1764 1735 1797 Meminisse

929 1813 1026 1845 dulce
1045 1817 1106 1846 est.
1140 1816 1320 1857 praeterea
1339 1811 1392 1844 Cl.
1411 1809 1562 1844 laudavit
1579 1809 1734 1845 Macrob.

927 1859 1066 1892 Satura.
1102 1859 1144 1900 7,
1179 1860 1212 1892 2.
1250 1863 1284 1891 et
1317 1856 1487 1890 Gatakeri
1517 1858 1655 1890 Annott.
1689 1856 1734 1890 ad

926 1904 1131 1939 Antoninum
1153 1904 1186 1947 8,
1204 1904 1260 1940 36.
1282 1921 1327 1929 —
1350 1914 1484 1944 οστις
1502 1921 1546 1927 -—
1566 1900 1733 1948 ἐπαλη-

927 1951 1004 1996 θῇ.
1035 1952 1114 1986 176.

973 2041 1059 2084 403,
1085 2039 1117 2076 4.
1164 2041 1216 2074 Ε·
1242 2038 1264 2084 ἦ
1287 2039 1447 2085 ρνθεῖσα
1474 2041 1732 2086 Συρίαμία,

930 2088 1045 2131 φασὶ,
1077 2087 1151 2122 τῶν
1184 2088 1408 2129 Κυκλάδων,
1444 2087 1647 2132 καλουμένη
1671 2088 1734 2124 καὶ

930 2135 1055 2178 Σῦρος
1089 2132 1128 2169 ἐν
1164 2131 1303 2169 ἐκτάσει
1340 2135 1405 2179 τῆς
1441 2134 1734 2191 παραληγούσης.

931 2182 1014 2225 (Ap.
1039 2185 1174 2220 tamen,
1200 2181 1231 2214 h.
1256 2180 1278 2217 l.
1304 2192 1333 2215 c.
1347 2182 1513 2225 ·Συρίη.
1552 2179 1575 2225 ἡ
1601 2184 1734 2216 καλου-

930 2226 1021 2271 μένη
1046 2228 1115 2260 νῦν
1132 2225 1266 2270 Σύρος,
1290 2227 1342 2260 nis
1345 2227 1355 2260 i
1374 2228 1564 2271 ponendum
1589 2227 1635 2261 sit
1657 2229 1736 2262 Σῦ-

933 2285 1022 2316 ρος,
1048 2273 1102 2306 vel
1126 2271 1244 2315 Σύρα.
1292 2285 1327 2306 ν.
1352 2273 1503 2317 proxime
1527 2274 1735 2317 sequentia.)

964 2319 1021 2364 ησι
1049 2318 1140 2363 γοῦν
1164 2317 1182 2353 ὁ
1210 2319 1436 2372 Γεωγραφος
1460 2320 1594 2373 (Strab.
1620 2322 1676 2361 10,
1699 2321 1734 2361 5,

932 2378 975 2420 p.
964 2333 1068 2399 η.390
1093 2365 1145 2398 ed.
1173 2365 1367 2408 ΤειιοΙιιιη)
1391 2362 1448 2400 ὅτι
1472 2361 1494 2409 ἡ
1520 2367 1643 2421 Σῦρος
1665 2378 1736 2409 μη-

930 2409 1031 2446 κύνει
1054 2408 1122 2468 τὴν
1141 2424 1290 2465 πρωτην
1311 2410 1505 2456 συλλαβην,
1529 2409 1580 2468 ἣν
1592 2414 1736 2453 Συρίαν

931 2457 1023 2501 λέγει
1048 2455 1067 2492 ὁ
1093 2469 1127 2490 π.
1185 2455 1238 2512 ἐξ
1255 2453 1298 2502 ἧς
1325 2457 1542 2512 Φερεκύδης
1564 2455 1583 2492 ὁ
1611 2459 1735 2515 Βαβυ-

930 2503 1061 2544 λώνιος
1092 2503 1184 2545 (imo
1218 2500 1238 2538 6
1267 2480 1475 2548 Βάβυος),
1513 2500 1602 2538 ὥστε
1633 2503 1737 2538 καθὰ

937 2551 1065 2592 Ψῦρος
1104 2551 1247 2591 Ψνριά,
1289 2551 1399 2592 νῆσος
1428 2549 1498 2594 πρὸ
1530 2551 1595 2593 τῆς
1626 2551 1735 2593 Χίου,

931 2609 1029 2631 ουτω
1062 2595 1122 2630 καὶ
1154 2597 1280 2639 Σῦρος
1303 2598 1442 2652 Συρία.
1491 2596 1589 2638 (Αιιι.
1617 2598 1662 2637 Q.
1699 2601 1736 2630 et

931 2643 994 2676 B.=
1031 2661 1076 2666 —
1111 2638 1132 2685 ἡ
1165 2640 1254 2684 παρ’
1290 2646 1376 2686 ἡμῖν
1411 2641 1580 2684 λε,ομε’νη
1614 2642 1734 2685 Σῦρα.

931 2688 996 2722 imo
1021 2685 1149 2730 Σύρα,
1174 2693 1213 2721 ut
1237 2695 1396 2730 vocatur,
1421 2692 1603 2721 annotante
1628 2689 1734 2722 Butt-

933 2745 1072 2775 manno‚
1097 2745 1152 2778 ap.
1177 2733 1278 2777 Diog.
1305 2735 1421 2767 Lafirt.
1449 2733 1496 2775 [ν.
1521 2734 1570 2767 ibi
1596 2734 1733 2778 Menag.

934 2779 978 2813 ad
1005 2779 1187 2822 1‚119]‚
1213 2779 1364 2823 Hesych.
1389 2784 1424 2812 et
1447 2779 1596 2813 Suidam.
1645 2781 1734 2814 unde

934 2825 1061 2869 gentile
1096 2824 1233 2866 Σύριος
1266 2825 1375 2869 pnima
1403 2825 1500 2861 brevi
1535 2825 1626 2871 apud
1658 2836 1732 2870 2ng

933 2870 1205 2914 grammatarium
1243 2871 1377 2904 ΑιιιΙιοΙ.
1421 2871 1544 2914 Steph.
1578 2871 1621 2913 5,
1655 2871 1729 2907 62:

933 2915 995 2951 καὶ
1019 2915 1155 2960 Σύριος
1179 2914 1336 2960 σελάγιζε
1359 2914 1598 2962 σαοφροσύνῃ
1624 2918 1729 2962 Φερε-
