1856 3282
146 112 231 154 270

766 112 1158 155 ΟΜΗΡΟΥ·

314 220 454 291 λυγροὶ
483 221 528 264 δὲ
557 221 707 277 εἵματα
734 221 828 266 ἕσσε
855 221 955 274 περὶ
981 224 1101 277 χροῒ,
1131 221 1190 278 μή
1219 223 1240 266 ἒ
1268 223 1467 280 συβωτης

311 277 437 343 γνοίη
466 276 619 320 ἐσάντα
648 276 773 330 ἰδών,
802 279 875 320 καὶ
904 279 1100 333 ἐχέφρονι
1131 281 1404 351 Πηνελοπείῃ

312 330 432 375 ἔλθοι
461 331 760 404 ἀπαγγέλλων,
787 333 893 388 μηδὲ
921 335 1076 403 φρεσὶν
1105 335 1363 390 εἰρύσσαιτο.

199 388 281 432 460

399 387 486 430 Τὸν
514 391 587 431 καὶ
620 390 871 461 Τηλέμαχος
893 391 1103 444 πρότερος
1131 391 1240 444 πρὸς
1270 397 1416 445 μῦθον
1445 392 1604 435 ἔειπεν·

305 437 494 512 ,ζῆλθες,
529 444 590 487 δῖ’
615 446 802 500 Εὔμαιε,
830 447 871 488 τί
896 446 953 516 δή
981 448 1102 497 κλέος
1132 447 1220 490 ἐστ’
1248 448 1332 491 α’νοὶ
1363 448 1494 498 ἄστυς

309 500 336 568 ῄ
369 498 413 552 ῥ’
448 500 532 556 ἤδη
561 505 796 572 μνηστῆρες
826 500 1035 572 ἀγήνορες
1063 504 1191 547 ἔνδον
1219 504 1342 547 εἀσιν

306 554 354 597 ἐκ
381 554 545 626 λόχου,
563 556 599 625 ἢ,
621 557 679 599 ἔτι
707 556 754 611 μ’
793 556 889 600 αὖτ’
921 558 1135 613 εἰρύαται,
1169 560 1314 604 οἴκαδ’
1343 560 1529 609 ἰόντα;“

380 614 473 680 ,Τόν
502 610 545 655 δ’
573 612 916 668 ἀπαμειβόμενος
945 616 1188 671 προσέφης,
1221 617 1392 672 Εὔμαιε
1424 619 1618 672 συβῶτα·

194 665 274 710 465
302 665 421 734 ,3062‘
449 668 595 723 ἔμελέν
624 686 701 724 μοι
729 673 867 713 ταῦτα
891 676 1172 740 μεταλλῆσαι,
1208 675 1279 716 καὶ
1309 674 1499 740 ἔρεσθαι,

303 720 413 766 ἄστυ
439 726 822 779 καταβλώσκοντα·
852 727 1038 799 τάχιστά
1057 745 1109 798 με
1139 729 1284 783 θυμός
1313 728 1480 785 ἀνώγει,

302 776 501 847 ἀγγελίην
531 782 726 835 εἰπόντα,
756 781 887 826 πάλιν
916 782 1038 837 δεῦρ’
1071 783 1345 828 ἀπονέεσθαι..

302 833 518 905 ωμήρησε
530 836 575 878 δέ
604 853 679 891 μοι
706 837 815 891 παρ’
846 839 1028 894 ἑταίρων
1056 840 1235 896 ἅγγελος
1265 841 1394 893 ὠκύς,

301 889 460 957 κήρυξ,
491 890 541 941 ὃς
571 893 623 947 δή
652 908 825 946 πρωτος
854 895 956 945 ε’πος
983 900 1037 952 σῇ
1067 899 1195 951 μητρὶ
1223 898 1376 940 ἔειπεν.

189 945 270 990 470
300 944 405 988 α’λλο
437 945 481 989 δέ
511 963 579 990 τοι
595 947 705 1016 τόγε
738 947 861 992 οἶδα·
890 950 939 993 τὸ
968 955 1051 1005 γὰρ
1080 953 1180 994 ἰ’δον
1208 952 1520 1022 ὀφθαλμοῖσιν.

298 1000 383 1072 η’δη
410 1001 519 1058 ὑπὲρ
547 1003 723 1055 πόλιος,
753 1005 830 1048 οθι
855 1004 1057 1059 Ἑρμαῖος
1085 1007 1224 1062 λόφος
1249 1009 1381 1059 ἐστὶν,

299 1063 357 1112 ῆα
386 1059 516 1128 κιών,
547 1059 616 1102 ὅτε
645 1065 731 1117 νῆα
759 1060 876 1117 θοὴν
905 1063 1064 1118 ἰδόμην
1092 1067 1331 1107 κατιοῦσαν

299 1129 343 1163 ες
371 1112 510 1167 λιμέν’
544 1115 776 1169 ἡμέτερον·
812 1119 966 1158 πολλοὶ
997 1119 1036 1159 δ’
1073 1119 1176 1161 ἕσαν
1208 1119 1366 1173 ἄνδρες
1393 1119 1441 1164 ἐν
1469 1116 1596 1174 αὐτῇ,

296 1172 492 1226 βεβρίθει
523 1172 568 1214 δὲ
602 1172 778 1216 σάκεσσι
806 1172 880 1215 καὶ
910 1172 1074 1228 ε’γχεσιν
1103 1173 1382 1231 ἀμφιγύοισι·

131 1316 227 1351 bant.
252 1314 298 1363 β’,
323 1318 367 1352 20
389 1321 455 1352 etc.
477 1337 524 1344 —
555 1318 658 1354 Sch.·
683 1316 837 1363 λυγρά.
862 1316 926 1363 (ρ’,

128 1364 208 1404 203,
235 1375 285 1404 ω,
310 1365 376 1398 157
399 1365 483 1407 etc.)
509 1362 645 1410 εὐτελῆ,
669 1365 827 1410 λαμπρά.
862 1366 927 1399 imo

126 1407 177 1452 μή
202 1407 359 1453 λαμπρά.
400 1410 560 1444 offecisse
581 1412 769 1456 particulae
793 1412 927 1445 videtur

127 1456 199 1511 -λῆ
224 1456 349 1496 simile,
375 1456 464 1500 quod
488 1458 670 1492 antecedit.
698 1478 738 1482 —
774 1458 824 1491 E:
848 1471 927 1501 μη-

127 1499 176 1536 δὲ
201 1514 271 1556 φρ.
297 1502 379 1545 εἰρ.
422 1502 585 1538 τουτέστι
615 1503 666 1548 μὴ
697 1502 742 1539 οὐ
767 1505 929 1548 φυλάξοι

126 1560 159 1582 κ.
183 1547 320 1591 κρύψοι
345 1547 438 1583 κατά
461 1549 566 1584 νοῦν.
613 1562 674 1584 nec
705 1557 817 1585 mente
848 1562 928 1584 con-

124 1594 251 1628 tiueret
274 1594 435 1628 nuntium.

170 1639 292 1675 460-
302 1640 380 1674 477.
438 1639 522 1677 τόν
551 1660 595 1666 -—
620 1639 735 1700 πρός
766 1642 927 1686 μῦθον

124 1686 295 1725 ἔειπεν.
342 1686 390 1720 sic
414 1686 453 1721 Il.
485 1687 532 1729 ε’,
556 1689 653 1722 170.
687 1688 774 1730 ἔπος
805 1687 842 1723 τέ
863 1700 927 1731 μιν

125 1734 253 1771 ἀντίον
277 1730 393 1779 ηυδα,
416 1733 472 1767 ubi
498 1746 529 1767 v.
555 1745 631 1768 anu.
656 1740 691 1768 et
714 1736 758 1768 cf.
784 1734 864 1769 434.
882 1753 926 1759 -—

126 1780 334 1827 Εὔμαιε;
364 1780 488 1824 vulgo:
515 1779 672 1835 Εὔμαιε.
695 1800 742 1805 --
781 1780 928 1821 κλέος,

119 1833 249 1887 sama,
272 1837 396 1861 rumor.
421 1845 464 1850 —
500 1823 742 1870 ἀγήνορες.
775 1825 821 1868 α’,
848 1829 925 1861 106.

125 1894 168 1902 —
194 1874 262 1911 ἔτι
286 1869 389 1907 ἀντ’
400 1896 410 1913 ,
445 1872 557 1905 adhuc
580 1874 725 1914 iterum,
756 1873 788 1906 h.
813 1884 842 1906 e.
868 1872 928 1905 de-

126 1933 204 1957 nuo.
244 1937 290 1945 -
341 1915 582 1961 εἰριίαται,
621 1919 802 1962 εἴρυνται,
844 1918 928 1951 reti-

126 1973 228 2008 nent,
252 1964 402 1999 retinere
426 1965 575 1998 student.
610 1966 654 1998 cs.
678 1966 758 1999 432.
779 1983 822 1988 —
855 1966 928 1997 Am.

125 2015 190 2048 2:
234 2009 643 2066 καταβλώσκοντα.
696 2012 928 2054 μολίσκοντα,

128 2058 328 2112 φοιτῶντα,
355 2055 597 2099 κατελθόντα,
621 2052 644 2101 ἢ
667 2058 928 2100 πορευόμενον.

126 2103 373 2150 προβλώσκειν
397 2102 485 2135 dixit
507 2102 554 2144 τ’,
577 2106 640 2144 25,
668 2101 719 2147 φ’,
744 2104 826 2144 239,
848 2103 928 2137 385.

126 2153 192 2196 Ap.
212 2150 360 2184 emenda
378 2148 560 2194 βλωσκειν.
584 2152 777 2193 μολίσκειν,
797 2146 930 2191 πορεύ-

127 2200 247 2233 εσθαι
296 2193 467 2242 βλώσκειν
503 2195 585 2228 nihil
615 2195 706 2229 aliud
740 2201 794 2228 est
827 2205 928 2238 quam

126 2244 310 2288 μολίσκειν
335 2247 563 2275 contractum:
588 2253 621 2275 v.
645 2243 838 2275 Buttmann.
864 2241 929 2272 Le-

125 2291 274 2330 scil.1.‚
311 2299 346 2333 p.
372 2288 448 2323 136.
480 2289 672 2343 et2.‚p,
696 2289 775 2322 258.
801 2285 928 2318 -Ε-

127 2333 349 2391 ὡμήρησε
385 2332 424 2368 δὲ
467 2331 549 2368 ἀντὶ
590 2335 658 2368 τοῦ
695 2331 928 2385 συνήντησεν,

126 2378 222 2425 ὁμοῦ
252 2382 409 2425 γέγονεν.
455 2377 505 2419 ιὸς
536 2378 604 2424 γὰρ
639 2377 741 2435 οἶνος
769 2374 929 2421 οἰνηρός,

127 2428 284 2467 οἴσυπος
320 2423 544 2484 οἰσυπηρὸς,
581 2426 619 2468 ἐξ
652 2420 697 2460 οὗ
724 2424 804 2467 ἔρια
829 2426 928 2459 οἰσυ-

125 2487 246 2529 πηρα
263 2471 308 2506 τοὶ
342 2471 518 2526 ῥυποόδη,
562 2469 682 2513 οὕτω,
719 2471 853 2515 φασὶν,
892 2469 929 2504 ἐκ

125 2520 195 2555 τοῦ
230 2516 319 2563 ὁμὸς
352 2531 509 2562 ομηρος,
551 2516 643 2553 ὅθεν
674 2514 798 2561 ὁμηρῶ
829 2516 929 2561 ῥῆμα

127 2565 169 2602 t6
205 2565 373 2600 συναντῶ
406 2571 471 2598 etc.
502 2583 546 2589 —
590 2563 641 2598 τὸ
675 2563 783 2607 γὰρ,
818 2563 928 2598 τοῦτο

125 2610 206 2657 γάρ.
224 2631 261 2637 -
289 2611 370 2644 Sch.
386 2623 394 2643 ε
419 2607 533 2654 ὑπερ
557 2608 733 2650 πόλιος.
761 2609 841 2644 ἀντὶ
861 2609 929 2643 τοῦ

127 2658 195 2702 ἔξω
219 2659 286 2700 τῆς
308 2656 456 2696 πόλεως.
504 2656 538 2689 h.
562 2669 591 2692 e.
615 2655 708 2700 πρό·
733 2667 764 2689 v.
789 2656 928 2689 Porsen.

127 2715 204 2739 ann.
232 2704 273 2737 ad
295 2703 522 2759 Eurip.I-1ec.
548 2704 626 2738 659.
651 2721 693 2727 -
729 2703 798 2735 Am.
826 2702 869 2742 Q.
895 2706 931 2734 et

128 2744 817 2792 8οὴ.εωεηι1.·Ερμαιοςλοφος
853 2745 930 2789 Ἑρ·

129 2797 198 2840 μῆς
222 2794 315 2829 κατὰ
341 2794 430 2835 Διός
453 2795 612 2830 κέλευσιν
637 2793 775 2830 ἀνελών
794 2793 930 2837 Ἄργον,

129 2842 195 2877 τόν
218 2842 282 2886 τῆς
300 2839 393 2880 Ἰοῦς
417 2841 577 2885 φύλακα,
586 2838 700 2898 ἤχθη
719 2838 790 2875 ὑπὸ
812 2843 928 2884 δικην,

120 2886 238 2929 “Ηρας
269 2886 385 2922 αὐτόν
418 2900 450 2922 κ.
481 2888 555 2922 τῶν
577 2885 694 2922 ἄλλων
718 2885 930 2941 ἀγαγόντων

131 2935 234 2969 θεῶν
251 2934 304 2976 εἰς
320 2935 448 2980 κρίσιν,
470 2931 529 2971 ὅτι
547 2934 690 2979 πρῶτος
704 2930 931 2980 ἐπεβεβλήκει

975 1318 1160 1364 δαιμόνων
1168 1319 1329 1376 θνητόν
1344 1318 1536 1364 μιάσματι,
1559 1317 1626 1354 τόν
1636 1315 1778 1362 Ἀργον,

973 1368 1033 1402 καὶ
1060 1365 1243 1412 ἀνῃρήκει.
1278 1366 1499 1412 (interpretis
1518 1365 1678 1399 videntur
1702 1375 1778 1398 esse

973 1414 1078 1447 verba
1100 1414 1161 1448 καὶ
1187 1413 1264 1457 ἀν.)
1312 1414 1505 1457 κρίνοντας
1535 1410 1574 1446 δε
1598 1410 1689 1450 τούς
1709 1413 1778 1445 θε-

973 1459 1038 1498 οὑς
1068 1459 1311 1513 ευλαβεῐσθαι
1341 1472 1407 1501 μεν
1435 1458 1501 1494 τὸν
1529 1459 1605 1493 Δία
1636 1455 1700 1492 διά
1733 1454 1775 1491 τὸ

971 1502 1152 1540 ὑπόδικον
1184 1506 1405 1551 γεγενῆσθαι
1435 1505 1502 1541 τόν
1532 1503 1668 1560 Ἑρμῆν
1695 1505 1777 1542 ταῖς

974 1550 1092 1587 αὐτοῦ
1125 1554 1400 1611 παραγγελίαις,
1430 1565 1508 1595 αμα
1539 1550 1580 1586 δὲ
1603 1549 1776 1594 ἀφωσιω-

972 1598 1105 1654 μένους
1142 1599 1182 1634 τό
1215 1597 1323 1641 ἄγος,
1365 1612 1398 1633 κ.
1424 1598 1491 1642 τῆς
1522 1595 1777 1641 ἀνδροφονίας

971 1643 1203 1687 ἀπολύοντας
1223 1644 1283 1685 αἷς
1301 1643 1399 1689 εἶχον
1415 1643 1546 1700 ὀργαῖς
1556 1655 1651 1687 προσ
1678 1645 1778 1678 αλεῖν

973 1690 1076 1736 αυτῷ
1098 1693 1164 1734 τὰς
1195 1690 1361 1735 ψήφους.
1406 1692 1468 1725 καὶ
1499 1688 1618 1730 οὕτως
1663 1700 1776 1723 πισω-

974 1739 1155 1794 ρευθῆναι
1183 1737 1276 1781 πρὸς
1313 1741 1391 1777 τοῖς
1423 1736 1510 1772 ποσὶ
1539 1737 1609 1791 tofi
1637 1734 1780 1792 Ερμου
1803 1755 1808 1761 ·

973 1783 1119 1841 ψήφων
1138 1786 1301 1829 πλῆθος·
1330 1781 1424 1819 ὅθεν
1443 1783 1504 1818 καὶ
1524 1795 1611 1823 τους
1628 1779 1778 1839 ἀνθρω-

972 1844 1066 1872 πους
1096 1828 1179 1875 ἄχρι
1212 1831 1281 1866 τοῦ
1312 1843 1381 1865 νυν
1413 1831 1467 1870 εἰς
1489 1828 1606 1873 ’τιμήν
1639 1825 1777 1871 Ἐρμοῦ

973 1876 1066 1913 κατά
1089 1877 1155 1918 τὰς
1179 1873 1311 1918 ὁδους,
1338 1874 1402 1911 διὰ
1420 1876 1461 1911 τὸ
1482 1874 1548 1911 τὸν
1566 1872 1661 1910 θεὸν
1680 1874 1776 1910 εἶναι

972 1925 1106 1959 τοῦτον
1138 1922 1378 1968 καθηγεμόνα
1407 1936 1439 1957 κ.
1465 1921 1600 1966 τρόπον
1633 1922 1775 1965 (Barna

974 1970 1184 2012 ἐπίτροπον.
1231 1971 1313 2004 fort.
1349 1967 1519 2012 πρόμον,
1551 1968 1776 2012 praesidem.)

973 2017 1046 2052 τῶν
1064 2015 1334 2060 ἐκδημούντων,
1352 2015 1494 2058 σωρούς
1509 2018 1631 2050 ποιεῖν
1645 2016 1776 2054 λίθων,

973 2077 1004 2098 κ
1032 2063 1230 2106 διάγοντας
1259 2060 1499 2118 προσβάλλειν
1526 2063 1680 2101 λίθους,
1714 2058 1778 2094 καὶ

973 2108 1127 2148 τούτους
1144 2111 1266 2144 καλεῖν
1274 2107 1474 2150 Ερμαίους
1494 2105 1644 2150 λόφους.
1674 2107 1776 2151 (qua-

973 2156 1024 2189 les
1044 2167 1145 2189 που
1148 2167 1184 2188 os
1202 2166 1309 2200 prope
1327 2153 1439 2197 ἓρμᾶς
1457 2165 1515 2187 seu
1531 2159 1662 2187 statuas
1682 2153 1777 2187 Mer-

973 2200 1117 2235 curiales
1151 2201 1273 2240 fuisse,
1314 2199 1428 2244 lapide
1462 2199 1580 2243 augeri
1607 2210 1626 2232 a
1653 2198 1775 2242 quovis

975 2251 1214 2292 praetereunte
1245 2245 1363 2279 solitos
1397 2244 1432 2279 in
1456 2246 1614 2279 honorem
1640 2244 1776 2278 Mercu-

974 2293 1038 2334 rii,
1063 2298 1180 2326 narrat
1203 2292 1402 2325 Phurnutus
1426 2291 1448 2324 l.
1474 2291 1516 2325 de
1536 2290 1582 2326 N.
1600 2290 1643 2324 D.
1668 2301 1697 2323 c.
1719 2291 1776 2325 16.

975 2350 1046 2372 eam
1060 2338 1356 2371 consuetudinem·
1344 2348 1413 2379 Jam
1427 2336 1483 2370 illo
1495 2341 1647 2381 tempore
1660 2336 1775 2369 Grae-

974 2395 1031 2418 cos
1051 2384 1201 2417 tenuisse
1222 2388 1325 2427 negat
1337 2382 1542 2427 Knightius;
1565 2382 1623 2416 sed
1641 2386 1678 2414 ut
1691 2380 1774 2414 mul-

974 2435 1009 2464 ta
1041 2436 1144 2474 negat
1177 2434 1238 2462 aut
1261 2429 1408 2462 affirmat
1438 2435 1582 2469 temere,
1616 2439 1679 2472 pro
1712 2438 1774 2460 no-

974 2476 1066 2529 tione
1090 2486 1149 2508 sua
1174 2474 1404 2519 antiquitatis,
1437 2485 1534 2518 quam
1565 2473 1660 2507 velut
1683 2473 1773 2506 intus

975 2527 1009 2555 et
1032 2521 1066 2554 in
1094 2526 1170 2554 cute
1205 2520 1269 2553 sibi
1295 2531 1394 2553 nosse
1418 2520 1611 2554 videbatur.
1659 2523 1773 2563 potest

974 2574 1085 2601 tamen
1110 2566 1195 2606 fieri,
1221 2572 1257 2599 ut
1275 2563 1449 2609 Ερμαῖος
1473 2564 1589 2607 λόφος
1611 2564 1773 2609 simplici-

975 2619 1028 2647 ter
1052 2613 1083 2645 h.
1109 2612 1130 2645 l.
1154 2612 1280 2645 indicet
1303 2612 1419 2645 collem
1439 2612 1582 2655 aliquem
1602 2610 1774 2644 Mercurio

976 2658 1134 2701 sacrum.)
1171 2656 1244 2692 ἔστι
1266 2655 1305 2692 δε
1321 2656 1438 2701 λόφος
1455 2659 1529 2691 πᾶν
1546 2657 1587 2693 τό
1604 2657 1656 2697 εἰς
1675 2653 1775 2700 υψος

976 2704 1169 2761 μετέωρον.
1220 2700 1240 2748 ἦ
1272 2702 1415 2747 ἱστορία
1446 2701 1538 2747 παρ’
1562 2700 1774 2747 Ἀντικλείδῃ

976 2751 1028 2795 (ἱη
1053 2751 1125 2794 ejus
1145 2749 1388 2795 Εξηγητικῷ,
1415 2749 1487 2783 sive
1511 2760 1630 2783 vocum
1652 2748 1775 2782 dictio-

976 2808 1118 2840 numque
1143 2796 1341 2829 reconditae
1364 2795 1511 2849 originis
1538 2794 1775 2839 explicatione.

977 2855 1007 2878 v.
1034 2843 1151 2881 Voss„
1176 2842 1255 2875 item
1280 2842 1473 2886 Schweigh.
1501 2839 1570 2874 ind.
1595 2842 1692 2874 Auct.
1715 2850 1772 2884 ap.

978 2889 1196 2922 Athenaeum.
1232 2889 1391 2942 Buttm).
1416 2907 1461 2912 —
1495 2884 1774 2927 κατιοῦσαν,

976 2939 1210 2969 revertentem.
1233 2932 1279 2978 ν’,
1299 2935 1364 2970 267
1384 2938 1451 2968 etc.
1471 2951 1514 2958 —
1544 2931 1776 2979 βεβρίθει,
