<?xml version="1.0" encoding="UTF-8"?>
<!DOCTYPE html PUBLIC "-//W3C//DTD XHTML 1.0 Transitional//EN"
    "http://www.w3.org/TR/xhtml1/DTD/xhtml1-transitional.dtd">
<html xmlns="http://www.w3.org/1999/xhtml" xml:lang="en" lang="en">
 <head>
  <title>
</title>
<meta http-equiv="Content-Type" content="text/html;charset=utf-8" />
  <meta name='ocr-system' content='tesseract 3.04.00' />
  <meta name='ocr-capabilities' content='ocr_page ocr_carea ocr_par ocr_line ocrx_word'/>
</head>
<body>
  <div class='ocr_page' id='page_1' title='image "./carmina03home/carmina03home_0012.png"; bbox 0 0 1820 3272; ppageno 0'>
   <div class='ocr_carea' id='block_1_1' title="bbox 83 102 138 142">
    <p class='ocr_par' dir='ltr' id='par_1_1' title="bbox 83 102 138 142">
     <span class='ocr_line' id='line_1_1' title="bbox 83 102 138 142; baseline 0.018 -1"><span class='ocrx_word' id='word_1_1' title='bbox 83 102 138 142; x_wconf 84' lang='lat'><strong>10</strong></span> 
     </span>
    </p>
   </div>
   <div class='ocr_carea' id='block_1_2' title="bbox 707 97 1122 143">
    <p class='ocr_par' dir='ltr' id='par_1_2' title="bbox 707 97 1122 143">
     <span class='ocr_line' id='line_1_2' title="bbox 707 97 1122 143; baseline -0.002 -3"><span class='ocrx_word' id='word_1_2' title='bbox 707 97 1122 143; x_wconf 71' lang='grc' dir='ltr'><em>ΟΜΗΡΟΥ</em></span> 
     </span>
    </p>
   </div>
   <div class='ocr_carea' id='block_1_3' title="bbox 252 205 1574 321">
    <p class='ocr_par' dir='ltr' id='par_1_3' title="bbox 252 205 1562 320">
     <span class='ocr_line' id='line_1_3' title="bbox 253 205 1471 277; baseline 0 -27"><span class='ocrx_word' id='word_1_3' title='bbox 253 210 427 251; x_wconf 78' lang='grc' dir='ltr'><strong><em>πολλῶν</em></strong></span> <span class='ocrx_word' id='word_1_4' title='bbox 457 205 500 251; x_wconf 87' lang='grc' dir='ltr'><strong>δ’</strong></span> <span class='ocrx_word' id='word_1_5' title='bbox 532 205 649 260; x_wconf 78' lang='grc' dir='ltr'><strong><em>ἆνθρ</em></strong></span> <span class='ocrx_word' id='word_1_6' title='bbox 653 206 787 250; x_wconf 78' lang='grc' dir='ltr'><strong><em>ω’πων</em></strong></span> <span class='ocrx_word' id='word_1_7' title='bbox 816 208 910 250; x_wconf 81' lang='grc' dir='ltr'><strong><em>ἰ’δεν</em></strong></span> <span class='ocrx_word' id='word_1_8' title='bbox 941 205 1072 250; x_wconf 76' lang='grc' dir='ltr'><strong><em>ἄστεα</em></strong></span> <span class='ocrx_word' id='word_1_9' title='bbox 1102 206 1176 249; x_wconf 81' lang='grc' dir='ltr'><strong>καὶ</strong></span> <span class='ocrx_word' id='word_1_10' title='bbox 1204 205 1312 251; x_wconf 89' lang='grc' dir='ltr'><strong><em>νόον</em></strong></span> <span class='ocrx_word' id='word_1_11' title='bbox 1342 206 1471 277; x_wconf 81' lang='grc' dir='ltr'><strong><em>ἔγνω</em></strong></span> 
     </span>
     <span class='ocr_line' id='line_1_4' title="bbox 252 261 1574 321; baseline -0.002 -13"><span class='ocrx_word' id='word_1_12' title='bbox 252 263 393 308; x_wconf 79' lang='grc' dir='ltr'><strong><em>πολλοὶ</em></strong></span> <span class='ocrx_word' id='word_1_13' title='bbox 425 263 495 308; x_wconf 86' lang='grc' dir='ltr'><strong>δ’</strong></span> <span class='ocrx_word' id='word_1_14' title='bbox 502 262 572 320; x_wconf 78' lang='lat' dir='ltr'><strong>oy&#39;</strong></span> <span class='ocrx_word' id='word_1_15' title='bbox 605 263 652 307; x_wconf 79' lang='grc' dir='ltr'><strong>ἐν</strong></span> <span class='ocrx_word' id='word_1_16' title='bbox 681 263 830 321; x_wconf 81' lang='grc' dir='ltr'><strong><em>πόντῳ</em></strong></span> <span class='ocrx_word' id='word_1_17' title='bbox 858 261 1002 307; x_wconf 78' lang='grc' dir='ltr'><strong><em>πάθεν</em></strong></span> <span class='ocrx_word' id='word_1_18' title='bbox 1033 262 1164 318; x_wconf 75' lang='grc' dir='ltr'><strong><em>ἄλγεα</em></strong></span> <span class='ocrx_word' id='word_1_19' title='bbox 1193 261 1246 307; x_wconf 80' lang='grc' dir='ltr'><strong>ὃν</strong></span> <span class='ocrx_word' id='word_1_20' title='bbox 1274 262 1384 308; x_wconf 66' lang='grc' dir='ltr'><strong>κατά</strong></span> <span class='ocrx_word' id='word_1_21' title='bbox 1412 262 1574 318; x_wconf 77' lang='grc' dir='ltr'><strong><em>θυμόν,</em></strong></span> 
     </span>
    </p>
   </div>
   <div class='ocr_carea' id='block_1_4' title="bbox 73 388 890 1946">
    <p class='ocr_par' dir='ltr' id='par_1_4' title="bbox 73 388 890 1946">
     <span class='ocr_line' id='line_1_5' title="bbox 82 388 889 433; baseline 0 -12"><span class='ocrx_word' id='word_1_22' title='bbox 82 389 178 422; x_wconf 78' lang='lat' dir='ltr'><strong>alten</strong></span> <span class='ocrx_word' id='word_1_23' title='bbox 220 388 378 422; x_wconf 78' lang='lat' dir='ltr'><strong>Heidezb.</strong></span> <span class='ocrx_word' id='word_1_24' title='bbox 416 389 812 432; x_wconf 71' lang='lat' dir='ltr'><strong>Biichcrsammlungen,</strong></span> <span class='ocrx_word' id='word_1_25' title='bbox 855 399 889 433; x_wconf 93' lang='lat' dir='ltr'><strong>p.</strong></span> 
     </span>
     <span class='ocr_line' id='line_1_6' title="bbox 79 434 890 479; baseline -0.002 -11"><span class='ocrx_word' id='word_1_26' title='bbox 79 435 193 478; x_wconf 59' lang='lat'><strong>2770,</strong></span> <span class='ocrx_word' id='word_1_27' title='bbox 219 445 317 478; x_wconf 86' lang='lat' dir='ltr'><strong>quern</strong></span> <span class='ocrx_word' id='word_1_28' title='bbox 339 435 566 468; x_wconf 88' lang='lat' dir='ltr'><strong>Buttmannus</strong></span> <span class='ocrx_word' id='word_1_29' title='bbox 585 434 778 479; x_wconf 87' lang='lat' dir='ltr'><strong>usurpavit,</strong></span> <span class='ocrx_word' id='word_1_30' title='bbox 802 445 890 466; x_wconf 87' lang='lat' dir='ltr'><strong>anno</strong></span> 
     </span>
     <span class='ocr_line' id='line_1_7' title="bbox 79 479 889 516; baseline 0 -3"><span class='ocrx_word' id='word_1_31' title='bbox 79 491 183 514; x_wconf 85' lang='lat' dir='ltr'><strong>aerae</strong></span> <span class='ocrx_word' id='word_1_32' title='bbox 208 479 427 514; x_wconf 80' lang='lat' dir='ltr'>Christianae</span> <span class='ocrx_word' id='word_1_33' title='bbox 454 482 555 516; x_wconf 69' lang='lat'><strong>1200.</strong></span> <span class='ocrx_word' id='word_1_34' title='bbox 587 484 750 514; x_wconf 85' lang='lat' dir='ltr'><strong>exaratus</strong></span> <span class='ocrx_word' id='word_1_35' title='bbox 777 485 830 512; x_wconf 85' lang='lat' dir='ltr'><strong>est</strong></span> <span class='ocrx_word' id='word_1_36' title='bbox 854 479 889 513; x_wconf 89' lang='lat' dir='ltr'><strong>in</strong></span> 
     </span>
     <span class='ocr_line' id='line_1_8' title="bbox 79 524 889 570; baseline -0.001 -11"><span class='ocrx_word' id='word_1_37' title='bbox 79 526 202 559; x_wconf 84' lang='lat' dir='ltr'><strong>charta</strong></span> <span class='ocrx_word' id='word_1_38' title='bbox 220 537 448 570; x_wconf 82' lang='lat' dir='ltr'><strong>pergamena,</strong></span> <span class='ocrx_word' id='word_1_39' title='bbox 473 524 694 569; x_wconf 77' lang='lat' dir='ltr'>continetque</span> <span class='ocrx_word' id='word_1_40' title='bbox 713 524 748 558; x_wconf 91' lang='lat' dir='ltr'><strong>in</strong></span> <span class='ocrx_word' id='word_1_41' title='bbox 771 525 889 569; x_wconf 80' lang='lat' dir='ltr'><strong>Odys-</strong></span> 
     </span>
     <span class='ocr_line' id='line_1_9' title="bbox 77 572 890 616; baseline -0.001 -11"><span class='ocrx_word' id='word_1_42' title='bbox 77 582 139 605; x_wconf 85' lang='lat' dir='ltr'><strong>sea</strong></span> <span class='ocrx_word' id='word_1_43' title='bbox 161 572 267 615; x_wconf 86' lang='lat' dir='ltr'><strong>(nam</strong></span> <span class='ocrx_word' id='word_1_44' title='bbox 292 572 673 616; x_wconf 77' lang='lat' dir='ltr'><strong>Batrachomyomachia</strong></span> <span class='ocrx_word' id='word_1_45' title='bbox 696 582 833 615; x_wconf 89' lang='lat' dir='ltr'><strong>quoque</strong></span> <span class='ocrx_word' id='word_1_46' title='bbox 853 575 890 604; x_wconf 89' lang='lat' dir='ltr'><strong>et</strong></span> 
     </span>
     <span class='ocr_line' id='line_1_10' title="bbox 77 616 888 673; baseline 0 -22"><span class='ocrx_word' id='word_1_47' title='bbox 77 616 146 651; x_wconf 85' lang='lat' dir='ltr'><strong>alia</strong></span> <span class='ocrx_word' id='word_1_48' title='bbox 164 616 323 651; x_wconf 91' lang='lat' dir='ltr'><strong>nonnulla</strong></span> <span class='ocrx_word' id='word_1_49' title='bbox 344 617 480 673; x_wconf 87' lang='lat' dir='ltr'><strong>adjecta</strong></span> <span class='ocrx_word' id='word_1_50' title='bbox 498 617 604 661; x_wconf 88' lang='lat' dir='ltr'><strong>sunt)</strong></span> <span class='ocrx_word' id='word_1_51' title='bbox 628 616 726 650; x_wconf 87' lang='lat' dir='ltr'><strong>libris</strong></span> <span class='ocrx_word' id='word_1_52' title='bbox 751 616 888 661; x_wconf 89' lang='lat' dir='ltr'><strong>quidem</strong></span> 
     </span>
     <span class='ocr_line' id='line_1_11' title="bbox 76 660 890 717; baseline 0 -20"><span class='ocrx_word' id='word_1_53' title='bbox 76 660 127 704; x_wconf 85' lang='grc' dir='ltr'><strong>α’,</strong></span> <span class='ocrx_word' id='word_1_54' title='bbox 150 661 197 708; x_wconf 90' lang='grc' dir='ltr'><strong>β,</strong></span> <span class='ocrx_word' id='word_1_55' title='bbox 221 661 253 706; x_wconf 75' lang='grc' dir='ltr'><strong>γ’</strong></span> <span class='ocrx_word' id='word_1_56' title='bbox 278 667 312 696; x_wconf 85' lang='lat' dir='ltr'><strong>et</strong></span> <span class='ocrx_word' id='word_1_57' title='bbox 335 661 387 703; x_wconf 82' lang='grc' dir='ltr'><strong>θ’,</strong></span> <span class='ocrx_word' id='word_1_58' title='bbox 408 664 722 717; x_wconf 80' lang='lat' dir='ltr'><strong>sequentibusque,</strong></span> <span class='ocrx_word' id='word_1_59' title='bbox 748 667 784 696; x_wconf 88' lang='lat' dir='ltr'><strong>et</strong></span> <span class='ocrx_word' id='word_1_60' title='bbox 808 674 890 707; x_wconf 90' lang='lat' dir='ltr'><strong>pau-</strong></span> 
     </span>
     <span class='ocr_line' id='line_1_12' title="bbox 77 708 889 763; baseline 0.001 -21"><span class='ocrx_word' id='word_1_61' title='bbox 77 719 119 742; x_wconf 88' lang='lat' dir='ltr'><strong>ca</strong></span> <span class='ocrx_word' id='word_1_62' title='bbox 140 714 177 742; x_wconf 88' lang='lat' dir='ltr'><strong>et</strong></span> <span class='ocrx_word' id='word_1_63' title='bbox 198 708 299 752; x_wconf 84' lang='lat' dir='ltr'><strong>parvi</strong></span> <span class='ocrx_word' id='word_1_64' title='bbox 327 709 432 753; x_wconf 83' lang='lat' dir='ltr'><strong>pretii</strong></span> <span class='ocrx_word' id='word_1_65' title='bbox 457 709 606 750; x_wconf 81' lang='lat' dir='ltr'><strong>scholia3</strong></span> <span class='ocrx_word' id='word_1_66' title='bbox 622 708 754 763; x_wconf 90' lang='lat' dir='ltr'><strong>quibus</strong></span> <span class='ocrx_word' id='word_1_67' title='bbox 777 715 889 743; x_wconf 89' lang='lat' dir='ltr'><strong>autem</strong></span> 
     </span>
     <span class='ocr_line' id='line_1_13' title="bbox 75 752 888 799; baseline -0.001 -11"><span class='ocrx_word' id='word_1_68' title='bbox 75 754 248 798; x_wconf 83' lang='lat' dir='ltr'>margines</span> <span class='ocrx_word' id='word_1_69' title='bbox 271 754 397 799; x_wconf 88' lang='lat' dir='ltr'><strong>repleti</strong></span> <span class='ocrx_word' id='word_1_70' title='bbox 430 759 510 788; x_wconf 87' lang='lat' dir='ltr'><strong>sunt</strong></span> <span class='ocrx_word' id='word_1_71' title='bbox 534 755 570 788; x_wconf 89' lang='lat' dir='ltr'><strong>in</strong></span> <span class='ocrx_word' id='word_1_72' title='bbox 599 753 643 795; x_wconf 78' lang='grc' dir='ltr'><strong>δ’,</strong></span> <span class='ocrx_word' id='word_1_73' title='bbox 676 752 714 795; x_wconf 80' lang='grc' dir='ltr'><strong>ε’,</strong></span> <span class='ocrx_word' id='word_1_74' title='bbox 743 753 773 796; x_wconf 79' lang='grc' dir='ltr'><strong>ζ’</strong></span> <span class='ocrx_word' id='word_1_75' title='bbox 790 753 888 799; x_wconf 61' lang='lat' dir='ltr'><strong>etn&#39;,</strong></span> 
     </span>
     <span class='ocr_line' id='line_1_14' title="bbox 75 800 889 845; baseline 0.001 -12"><span class='ocrx_word' id='word_1_76' title='bbox 75 811 178 833; x_wconf 89' lang='lat' dir='ltr'><strong>manu</strong></span> <span class='ocrx_word' id='word_1_77' title='bbox 208 800 347 833; x_wconf 89' lang='lat' dir='ltr'><strong>diversa</strong></span> <span class='ocrx_word' id='word_1_78' title='bbox 370 800 511 845; x_wconf 85' lang='lat' dir='ltr'><strong>scriptis</strong></span> <span class='ocrx_word' id='word_1_79' title='bbox 540 800 670 834; x_wconf 91' lang='lat' dir='ltr'><strong>minuta</strong></span> <span class='ocrx_word' id='word_1_80' title='bbox 689 806 724 833; x_wconf 89' lang='lat' dir='ltr'><strong>et</strong></span> <span class='ocrx_word' id='word_1_81' title='bbox 746 806 889 845; x_wconf 87' lang='lat' dir='ltr'><strong>propter</strong></span> 
     </span>
     <span class='ocr_line' id='line_1_15' title="bbox 76 845 887 890; baseline 0.001 -11"><span class='ocrx_word' id='word_1_82' title='bbox 76 845 276 890; x_wconf 85' lang='lat' dir='ltr'><strong>compendia</strong></span> <span class='ocrx_word' id='word_1_83' title='bbox 297 846 431 879; x_wconf 84' lang='lat' dir='ltr'><strong>difficili</strong></span> <span class='ocrx_word' id='word_1_84' title='bbox 455 847 566 887; x_wconf 89' lang='lat' dir='ltr'><strong>lectu,</strong></span> <span class='ocrx_word' id='word_1_85' title='bbox 592 858 634 879; x_wconf 90' lang='lat' dir='ltr'><strong>ea</strong></span> <span class='ocrx_word' id='word_1_86' title='bbox 659 846 807 880; x_wconf 88' lang='lat' dir='ltr'><strong>melioris</strong></span> <span class='ocrx_word' id='word_1_87' title='bbox 825 858 887 881; x_wconf 92' lang='lat' dir='ltr'><strong>no-</strong></span> 
     </span>
     <span class='ocr_line' id='line_1_16' title="bbox 77 891 887 937; baseline 0.002 -13"><span class='ocrx_word' id='word_1_88' title='bbox 77 897 135 925; x_wconf 87' lang='lat' dir='ltr'><strong>tae</strong></span> <span class='ocrx_word' id='word_1_89' title='bbox 161 896 261 933; x_wconf 89' lang='lat' dir='ltr'><strong>sunt,</strong></span> <span class='ocrx_word' id='word_1_90' title='bbox 298 891 542 937; x_wconf 82' lang='lat' dir='ltr'><strong>maximamque</strong></span> <span class='ocrx_word' id='word_1_91' title='bbox 571 898 703 937; x_wconf 88' lang='lat' dir='ltr'><strong>partem</strong></span> <span class='ocrx_word' id='word_1_92' title='bbox 732 893 788 926; x_wconf 87' lang='lat' dir='ltr'><strong>vel</strong></span> <span class='ocrx_word' id='word_1_93' title='bbox 812 904 887 926; x_wconf 90' lang='lat' dir='ltr'><strong>cum</strong></span> 
     </span>
     <span class='ocr_line' id='line_1_17' title="bbox 76 937 888 982; baseline 0.002 -12"><span class='ocrx_word' id='word_1_94' title='bbox 76 937 111 978; x_wconf 90' lang='lat' dir='ltr'><strong>Q</strong></span> <span class='ocrx_word' id='word_1_95' title='bbox 138 937 217 970; x_wconf 83' lang='lat' dir='ltr'>libri</span> <span class='ocrx_word' id='word_1_96' title='bbox 250 942 460 981; x_wconf 85' lang='lat' dir='ltr'><strong>congruunt,</strong></span> <span class='ocrx_word' id='word_1_97' title='bbox 498 938 553 972; x_wconf 79' lang='lat' dir='ltr'><strong>vel</strong></span> <span class='ocrx_word' id='word_1_98' title='bbox 580 950 656 972; x_wconf 87' lang='lat' dir='ltr'><strong>cum</strong></span> <span class='ocrx_word' id='word_1_99' title='bbox 678 938 888 982; x_wconf 85' lang='lat' dir='ltr'><strong>Harlejanis,</strong></span> 
     </span>
     <span class='ocr_line' id='line_1_18' title="bbox 75 982 888 1029; baseline 0.002 -13"><span class='ocrx_word' id='word_1_100' title='bbox 75 990 165 1027; x_wconf 83' lang='lat' dir='ltr'><strong>quae</strong></span> <span class='ocrx_word' id='word_1_101' title='bbox 188 983 366 1017; x_wconf 89' lang='lat' dir='ltr'><strong>Porsonus</strong></span> <span class='ocrx_word' id='word_1_102' title='bbox 394 982 513 1017; x_wconf 86' lang='lat' dir='ltr'><strong>edidit.</strong></span> <span class='ocrx_word' id='word_1_103' title='bbox 560 988 596 1018; x_wconf 90' lang='lat' dir='ltr'><strong>et</strong></span> <span class='ocrx_word' id='word_1_104' title='bbox 621 985 787 1018; x_wconf 85' lang='lat' dir='ltr'><strong>hactenus</strong></span> <span class='ocrx_word' id='word_1_105' title='bbox 812 985 888 1029; x_wconf 90' lang='lat' dir='ltr'><strong>qui-</strong></span> 
     </span>
     <span class='ocr_line' id='line_1_19' title="bbox 75 1028 887 1072; baseline 0.004 -10"><span class='ocrx_word' id='word_1_106' title='bbox 75 1029 152 1062; x_wconf 85' lang='lat' dir='ltr'><strong>dem</strong></span> <span class='ocrx_word' id='word_1_107' title='bbox 170 1028 213 1062; x_wconf 89' lang='lat' dir='ltr'><strong>de</strong></span> <span class='ocrx_word' id='word_1_108' title='bbox 234 1029 337 1063; x_wconf 84' lang='lat' dir='ltr'><strong>MSS.</strong></span> <span class='ocrx_word' id='word_1_109' title='bbox 381 1041 536 1064; x_wconf 90' lang='lat' dir='ltr'><strong>cusorum</strong></span> <span class='ocrx_word' id='word_1_110' title='bbox 567 1036 682 1063; x_wconf 76' lang='lat' dir='ltr'><strong>autem</strong></span> <span class='ocrx_word' id='word_1_111' title='bbox 713 1030 887 1072; x_wconf 89' lang='lat' dir='ltr'><strong>librorum,</strong></span> 
     </span>
     <span class='ocr_line' id='line_1_20' title="bbox 77 1075 888 1121; baseline 0.004 -14"><span class='ocrx_word' id='word_1_112' title='bbox 77 1085 165 1118; x_wconf 88' lang='lat' dir='ltr'><strong>quos</strong></span> <span class='ocrx_word' id='word_1_113' title='bbox 193 1080 333 1119; x_wconf 87' lang='lat' dir='ltr'><strong>praeter</strong></span> <span class='ocrx_word' id='word_1_114' title='bbox 359 1076 438 1108; x_wconf 88' lang='lat' dir='ltr'><strong>Aldi</strong></span> <span class='ocrx_word' id='word_1_115' title='bbox 462 1075 602 1109; x_wconf 88' lang='lat' dir='ltr'><strong>tertium</strong></span> <span class='ocrx_word' id='word_1_116' title='bbox 623 1076 747 1109; x_wconf 86' lang='lat' dir='ltr'><strong>editam</strong></span> <span class='ocrx_word' id='word_1_117' title='bbox 770 1076 888 1121; x_wconf 82' lang='lat' dir='ltr'><strong>Odys-</strong></span> 
     </span>
     <span class='ocr_line' id='line_1_21' title="bbox 76 1121 886 1166; baseline 0.003 -12"><span class='ocrx_word' id='word_1_118' title='bbox 76 1132 169 1154; x_wconf 79' lang='lat' dir='ltr'><strong>seam</strong></span> <span class='ocrx_word' id='word_1_119' title='bbox 202 1127 237 1154; x_wconf 90' lang='lat' dir='ltr'><strong>et</strong></span> <span class='ocrx_word' id='word_1_120' title='bbox 263 1121 378 1153; x_wconf 83' lang='lat' dir='ltr'><strong>Wolfii</strong></span> <span class='ocrx_word' id='word_1_121' title='bbox 406 1121 595 1166; x_wconf 84' lang='lat' dir='ltr'><strong>Cephalaei</strong></span> <span class='ocrx_word' id='word_1_122' title='bbox 617 1122 716 1156; x_wconf 78' lang='lat'><strong>1534.</strong></span> <span class='ocrx_word' id='word_1_123' title='bbox 743 1122 886 1166; x_wconf 88' lang='lat' dir='ltr'><strong>impres-</strong></span> 
     </span>
     <span class='ocr_line' id='line_1_22' title="bbox 75 1166 889 1211; baseline 0.002 -11"><span class='ocrx_word' id='word_1_124' title='bbox 75 1177 150 1200; x_wconf 80' lang='lat' dir='ltr'><strong>sam</strong></span> <span class='ocrx_word' id='word_1_125' title='bbox 178 1166 384 1209; x_wconf 80' lang='lat' dir='ltr'><strong>evolvimus,</strong></span> <span class='ocrx_word' id='word_1_126' title='bbox 420 1167 449 1199; x_wconf 89' lang='lat' dir='ltr'>B</span> <span class='ocrx_word' id='word_1_127' title='bbox 477 1167 594 1200; x_wconf 85' lang='lat' dir='ltr'><strong>littera</strong></span> <span class='ocrx_word' id='word_1_128' title='bbox 619 1168 794 1211; x_wconf 85' lang='lat' dir='ltr'><strong>significat</strong></span> <span class='ocrx_word' id='word_1_129' title='bbox 815 1169 889 1202; x_wconf 89' lang='lat' dir='ltr'><strong>edi-</strong></span> 
     </span>
     <span class='ocr_line' id='line_1_23' title="bbox 75 1212 886 1256; baseline 0.005 -12"><span class='ocrx_word' id='word_1_130' title='bbox 75 1212 202 1244; x_wconf 73' lang='lat' dir='ltr'><strong>tionem</strong></span> <span class='ocrx_word' id='word_1_131' title='bbox 223 1212 422 1256; x_wconf 68' lang='lat' dir='ltr'><strong>Odysseae,</strong></span> <span class='ocrx_word' id='word_1_132' title='bbox 449 1220 602 1246; x_wconf 87' lang='lat' dir='ltr'><strong>curatam</strong></span> <span class='ocrx_word' id='word_1_133' title='bbox 622 1214 764 1246; x_wconf 86' lang='lat' dir='ltr'><strong>Parisiis</strong></span> <span class='ocrx_word' id='word_1_134' title='bbox 788 1216 886 1249; x_wconf 69' lang='lat'><strong>1824.</strong></span> 
     </span>
     <span class='ocr_line' id='line_1_24' title="bbox 75 1257 886 1301; baseline 0.002 -10"><span class='ocrx_word' id='word_1_135' title='bbox 75 1258 121 1291; x_wconf 86' lang='lat' dir='ltr'><strong>ab</strong></span> <span class='ocrx_word' id='word_1_136' title='bbox 143 1258 197 1291; x_wconf 88' lang='lat' dir='ltr'><strong>Jo.</strong></span> <span class='ocrx_word' id='word_1_137' title='bbox 221 1258 279 1291; x_wconf 88' lang='lat' dir='ltr'><strong>Fr.</strong></span> <span class='ocrx_word' id='word_1_138' title='bbox 302 1257 553 1299; x_wconf 86' lang='lat' dir='ltr'><strong>Boissonadeo,</strong></span> <span class='ocrx_word' id='word_1_139' title='bbox 588 1261 609 1293; x_wconf 72' lang='lat'>2</span> <span class='ocrx_word' id='word_1_140' title='bbox 638 1259 886 1301; x_wconf 75' lang='lat' dir='ltr'><strong>voluminibu53</strong></span> 
     </span>
     <span class='ocr_line' id='line_1_25' title="bbox 76 1303 888 1347; baseline 0.002 -11"><span class='ocrx_word' id='word_1_141' title='bbox 76 1303 132 1336; x_wconf 78' lang='lat' dir='ltr'><strong>cui</strong></span> <span class='ocrx_word' id='word_1_142' title='bbox 158 1303 301 1337; x_wconf 84' lang='lat' dir='ltr'><strong>editioni</strong></span> <span class='ocrx_word' id='word_1_143' title='bbox 327 1303 460 1336; x_wconf 86' lang='lat' dir='ltr'><strong>notulas</strong></span> <span class='ocrx_word' id='word_1_144' title='bbox 488 1305 664 1347; x_wconf 76' lang='lat' dir='ltr'><strong>adspersit</strong></span> <span class='ocrx_word' id='word_1_145' title='bbox 681 1305 734 1337; x_wconf 79' lang='lat' dir='ltr'><strong>vir</strong></span> <span class='ocrx_word' id='word_1_146' title='bbox 752 1305 888 1339; x_wconf 77' lang='lat' dir='ltr'><strong>littera-</strong></span> 
     </span>
     <span class='ocr_line' id='line_1_26' title="bbox 75 1348 886 1394; baseline 0.002 -12"><span class='ocrx_word' id='word_1_147' title='bbox 75 1348 236 1390; x_wconf 78' lang='lat' dir='ltr'><strong>tissimus,</strong></span> <span class='ocrx_word' id='word_1_148' title='bbox 261 1360 388 1393; x_wconf 86' lang='lat' dir='ltr'><strong>paucas</strong></span> <span class='ocrx_word' id='word_1_149' title='bbox 403 1349 481 1382; x_wconf 87' lang='lat' dir='ltr'><strong>illas</strong></span> <span class='ocrx_word' id='word_1_150' title='bbox 499 1350 647 1394; x_wconf 84' lang='lat' dir='ltr'><strong>quidem,</strong></span> <span class='ocrx_word' id='word_1_151' title='bbox 672 1350 733 1383; x_wconf 88' lang='lat' dir='ltr'><strong>sed</strong></span> <span class='ocrx_word' id='word_1_152' title='bbox 754 1350 886 1384; x_wconf 86' lang='lat' dir='ltr'><strong>Critico</strong></span> 
     </span>
     <span class='ocr_line' id='line_1_27' title="bbox 76 1395 887 1440; baseline 0.004 -13"><span class='ocrx_word' id='word_1_153' title='bbox 76 1395 380 1439; x_wconf 84' lang='lat' dir='ltr'><strong>Grammaticoque</strong></span> <span class='ocrx_word' id='word_1_154' title='bbox 410 1395 501 1428; x_wconf 87' lang='lat' dir='ltr'><strong>haud</strong></span> <span class='ocrx_word' id='word_1_155' title='bbox 530 1396 688 1437; x_wconf 85' lang='lat' dir='ltr'><strong>inutiles3</strong></span> <span class='ocrx_word' id='word_1_156' title='bbox 730 1398 887 1440; x_wconf 83' lang='lat' dir='ltr'><strong>qualibus</strong></span> 
     </span>
     <span class='ocr_line' id='line_1_28' title="bbox 75 1441 888 1485; baseline 0.001 -11"><span class='ocrx_word' id='word_1_157' title='bbox 75 1446 112 1474; x_wconf 86' lang='lat' dir='ltr'><strong>et</strong></span> <span class='ocrx_word' id='word_1_158' title='bbox 142 1441 303 1481; x_wconf 83' lang='lat' dir='ltr'><strong>Iliadem,</strong></span> <span class='ocrx_word' id='word_1_159' title='bbox 338 1441 470 1484; x_wconf 86' lang='lat' dir='ltr'><strong>pariter</strong></span> <span class='ocrx_word' id='word_1_160' title='bbox 496 1442 539 1474; x_wconf 87' lang='lat' dir='ltr'><strong>ab</strong></span> <span class='ocrx_word' id='word_1_161' title='bbox 567 1441 640 1485; x_wconf 83' lang='lat' dir='ltr'><strong>ipso</strong></span> <span class='ocrx_word' id='word_1_162' title='bbox 665 1441 810 1484; x_wconf 85' lang='lat' dir='ltr'><strong>editam,</strong></span> <span class='ocrx_word' id='word_1_163' title='bbox 835 1443 888 1475; x_wconf 91' lang='lat' dir='ltr'><strong>in-</strong></span> 
     </span>
     <span class='ocr_line' id='line_1_29' title="bbox 74 1487 887 1522; baseline 0.001 -2"><span class='ocrx_word' id='word_1_164' title='bbox 74 1487 214 1520; x_wconf 79' lang='lat' dir='ltr'><strong>struxit.</strong></span> <span class='ocrx_word' id='word_1_165' title='bbox 240 1487 270 1520; x_wconf 84' lang='lat' dir='ltr'>E</span> <span class='ocrx_word' id='word_1_166' title='bbox 285 1487 414 1520; x_wconf 86' lang='lat' dir='ltr'><strong>indicat</strong></span> <span class='ocrx_word' id='word_1_167' title='bbox 430 1487 471 1520; x_wconf 87' lang='lat' dir='ltr'><strong>F.</strong></span> <span class='ocrx_word' id='word_1_168' title='bbox 484 1488 530 1520; x_wconf 89' lang='lat' dir='ltr'><strong>G.</strong></span> <span class='ocrx_word' id='word_1_169' title='bbox 545 1488 734 1521; x_wconf 79' lang='lat' dir='ltr'><strong>Eichhoffii</strong></span> <span class='ocrx_word' id='word_1_170' title='bbox 754 1489 887 1522; x_wconf 77' lang='lat' dir='ltr'><strong>Etudes</strong></span> 
     </span>
     <span class='ocr_line' id='line_1_30' title="bbox 74 1532 886 1577; baseline 0.002 -12"><span class='ocrx_word' id='word_1_171' title='bbox 74 1544 240 1577; x_wconf 83' lang='lat' dir='ltr'><strong>grecques</strong></span> <span class='ocrx_word' id='word_1_172' title='bbox 259 1544 318 1566; x_wconf 87' lang='lat' dir='ltr'><strong>sur</strong></span> <span class='ocrx_word' id='word_1_173' title='bbox 341 1533 493 1577; x_wconf 59' lang='lat' dir='ltr'><strong>Virgae,</strong></span> <span class='ocrx_word' id='word_1_174' title='bbox 520 1532 562 1566; x_wconf 89' lang='lat' dir='ltr'><strong>de</strong></span> <span class='ocrx_word' id='word_1_175' title='bbox 586 1545 653 1577; x_wconf 86' lang='lat' dir='ltr'><strong>quo</strong></span> <span class='ocrx_word' id='word_1_176' title='bbox 683 1533 769 1566; x_wconf 89' lang='lat' dir='ltr'><strong>libro</strong></span> <span class='ocrx_word' id='word_1_177' title='bbox 787 1534 886 1567; x_wconf 88' lang='lat' dir='ltr'><strong>mini-</strong></span> 
     </span>
     <span class='ocr_line' id='line_1_31' title="bbox 74 1577 887 1621; baseline 0.001 -9"><span class='ocrx_word' id='word_1_178' title='bbox 74 1590 128 1612; x_wconf 85' lang='lat' dir='ltr'><strong>me</strong></span> <span class='ocrx_word' id='word_1_179' title='bbox 155 1579 398 1613; x_wconf 86' lang='lat' dir='ltr'><strong>contemnendo</strong></span> <span class='ocrx_word' id='word_1_180' title='bbox 425 1577 495 1611; x_wconf 84' lang='lat' dir='ltr'><strong>dixi</strong></span> <span class='ocrx_word' id='word_1_181' title='bbox 520 1590 597 1612; x_wconf 78' lang='lat' dir='ltr'><strong>ann.</strong></span> <span class='ocrx_word' id='word_1_182' title='bbox 620 1578 661 1612; x_wconf 89' lang='lat' dir='ltr'><strong>ad</strong></span> <span class='ocrx_word' id='word_1_183' title='bbox 683 1579 722 1614; x_wconf 93' lang='lat' dir='ltr'><strong>Il.</strong></span> <span class='ocrx_word' id='word_1_184' title='bbox 739 1580 792 1621; x_wconf 76' lang='grc'><strong>2.,</strong></span> <span class='ocrx_word' id='word_1_185' title='bbox 822 1580 887 1613; x_wconf 88' lang='lat' dir='ltr'><strong>ini-</strong></span> 
     </span>
     <span class='ocr_line' id='line_1_32' title="bbox 73 1624 886 1670; baseline 0.001 -12"><span class='ocrx_word' id='word_1_186' title='bbox 73 1624 136 1658; x_wconf 87' lang='lat' dir='ltr'><strong>tio.</strong></span> <span class='ocrx_word' id='word_1_187' title='bbox 183 1631 343 1670; x_wconf 83' lang='lat' dir='ltr'><strong>superest</strong></span> <span class='ocrx_word' id='word_1_188' title='bbox 371 1625 494 1665; x_wconf 70' lang='lat' dir='ltr'><strong>sigium</strong></span> <span class='ocrx_word' id='word_1_189' title='bbox 520 1624 576 1665; x_wconf 90' lang='lat' dir='ltr'><strong>N,</strong></span> <span class='ocrx_word' id='word_1_190' title='bbox 600 1636 666 1669; x_wconf 92' lang='lat' dir='ltr'><strong>quo</strong></span> <span class='ocrx_word' id='word_1_191' title='bbox 689 1625 886 1668; x_wconf 79' lang='lat' dir='ltr'><strong>significan-</strong></span> 
     </span>
     <span class='ocr_line' id='line_1_33' title="bbox 73 1670 887 1715; baseline 0.002 -11"><span class='ocrx_word' id='word_1_192' title='bbox 73 1677 132 1704; x_wconf 86' lang='lat' dir='ltr'><strong>tur</strong></span> <span class='ocrx_word' id='word_1_193' title='bbox 156 1671 322 1715; x_wconf 86' lang='lat' dir='ltr'><strong>Gregorii</strong></span> <span class='ocrx_word' id='word_1_194' title='bbox 348 1670 443 1704; x_wconf 82' lang='lat' dir='ltr'><strong>Guil.</strong></span> <span class='ocrx_word' id='word_1_195' title='bbox 469 1671 643 1703; x_wconf 83' lang='lat' dir='ltr'><strong>Nitzschii</strong></span> <span class='ocrx_word' id='word_1_196' title='bbox 671 1672 887 1706; x_wconf 76' lang='lat' dir='ltr'><strong>Erklc&#39;irende</strong></span> 
     </span>
     <span class='ocr_line' id='line_1_34' title="bbox 75 1716 886 1762; baseline 0.002 -12"><span class='ocrx_word' id='word_1_197' title='bbox 75 1717 349 1761; x_wconf 82' lang='lat' dir='ltr'><strong>Anmerkungen</strong></span> <span class='ocrx_word' id='word_1_198' title='bbox 367 1729 411 1749; x_wconf 79' lang='lat' dir='ltr'><strong>zu</strong></span> <span class='ocrx_word' id='word_1_199' title='bbox 431 1716 588 1749; x_wconf 74' lang='lat' dir='ltr'><strong>Homer&#39;s</strong></span> <span class='ocrx_word' id='word_1_200' title='bbox 609 1717 776 1760; x_wconf 74' lang='lat' dir='ltr'><strong>Odyssee,</strong></span> <span class='ocrx_word' id='word_1_201' title='bbox 800 1730 886 1762; x_wconf 80' lang='lat' dir='ltr'><strong>quas</strong></span> 
     </span>
     <span class='ocr_line' id='line_1_35' title="bbox 74 1762 886 1808; baseline 0 -11"><span class='ocrx_word' id='word_1_202' title='bbox 74 1762 312 1797; x_wconf 79' lang='lat' dir='ltr'><strong>annotationes</strong></span> <span class='ocrx_word' id='word_1_203' title='bbox 331 1774 418 1796; x_wconf 88' lang='lat' dir='ltr'><strong>anno</strong></span> <span class='ocrx_word' id='word_1_204' title='bbox 440 1764 540 1798; x_wconf 70' lang='lat'>1826.</span> <span class='ocrx_word' id='word_1_205' title='bbox 565 1763 668 1796; x_wconf 86' lang='lat' dir='ltr'><strong>edere</strong></span> <span class='ocrx_word' id='word_1_206' title='bbox 697 1764 811 1808; x_wconf 87' lang='lat' dir='ltr'><strong>coepit</strong></span> <span class='ocrx_word' id='word_1_207' title='bbox 832 1764 886 1797; x_wconf 86' lang='lat' dir='ltr'><strong>vir</strong></span> 
     </span>
     <span class='ocr_line' id='line_1_36' title="bbox 74 1808 886 1853; baseline 0 -10"><span class='ocrx_word' id='word_1_208' title='bbox 74 1808 240 1850; x_wconf 86' lang='lat' dir='ltr'><strong>eruditus,</strong></span> <span class='ocrx_word' id='word_1_209' title='bbox 256 1809 368 1842; x_wconf 89' lang='lat' dir='ltr'><strong>bonae</strong></span> <span class='ocrx_word' id='word_1_210' title='bbox 388 1808 524 1852; x_wconf 84' lang='lat' dir='ltr'><strong>quidem</strong></span> <span class='ocrx_word' id='word_1_211' title='bbox 544 1808 655 1851; x_wconf 73' lang='lat' dir='ltr'><strong>frugis</strong></span> <span class='ocrx_word' id='word_1_212' title='bbox 674 1810 807 1853; x_wconf 81' lang='lat' dir='ltr'><strong>plenas,</strong></span> <span class='ocrx_word' id='word_1_213' title='bbox 825 1810 886 1843; x_wconf 83' lang='lat' dir='ltr'><strong>sed</strong></span> 
     </span>
     <span class='ocr_line' id='line_1_37' title="bbox 74 1855 887 1901; baseline 0.002 -13"><span class='ocrx_word' id='word_1_214' title='bbox 74 1855 220 1888; x_wconf 89' lang='lat' dir='ltr'><strong>nondum</strong></span> <span class='ocrx_word' id='word_1_215' title='bbox 260 1855 350 1889; x_wconf 86' lang='lat' dir='ltr'><strong>ultra</strong></span> <span class='ocrx_word' id='word_1_216' title='bbox 381 1855 503 1888; x_wconf 87' lang='lat' dir='ltr'><strong>librum</strong></span> <span class='ocrx_word' id='word_1_217' title='bbox 532 1855 563 1888; x_wconf 83' lang='grc'>8.</span> <span class='ocrx_word' id='word_1_218' title='bbox 596 1855 778 1899; x_wconf 71' lang='lat' dir='ltr'><strong>Odysseae</strong></span> <span class='ocrx_word' id='word_1_219' title='bbox 804 1867 887 1901; x_wconf 90' lang='lat' dir='ltr'><strong>pro-</strong></span> 
     </span>
     <span class='ocr_line' id='line_1_38' title="bbox 74 1912 224 1946; baseline -0.007 -12"><span class='ocrx_word' id='word_1_220' title='bbox 74 1912 224 1946; x_wconf 82' lang='lat' dir='ltr'><strong>gressas.</strong></span> 
     </span>
    </p>
   </div>
   <div class='ocr_carea' id='block_1_5' title="bbox 72 1957 887 3015">
    <p class='ocr_par' dir='ltr' id='par_1_5' title="bbox 72 1957 887 3015">
     <span class='ocr_line' id='line_1_39' title="bbox 121 1957 886 1992; baseline 0.003 -2"><span class='ocrx_word' id='word_1_221' title='bbox 121 1958 220 1992; x_wconf 86' lang='lat' dir='ltr'><strong>Vers.</strong></span> <span class='ocrx_word' id='word_1_222' title='bbox 241 1959 364 1992; x_wconf 83' lang='lat'><strong>1-10.</strong></span> <span class='ocrx_word' id='word_1_223' title='bbox 400 1957 432 1992; x_wconf 86' lang='lat' dir='ltr'>E</span> <span class='ocrx_word' id='word_1_224' title='bbox 452 1969 529 1991; x_wconf 89' lang='lat' dir='ltr'><strong>ann.</strong></span> <span class='ocrx_word' id='word_1_225' title='bbox 548 1958 590 1991; x_wconf 91' lang='lat' dir='ltr'><strong>ad</strong></span> <span class='ocrx_word' id='word_1_226' title='bbox 609 1957 742 1992; x_wconf 89' lang='lat' dir='ltr'><strong>initium</strong></span> <span class='ocrx_word' id='word_1_227' title='bbox 761 1958 886 1992; x_wconf 88' lang='lat' dir='ltr'><strong>Aenei-</strong></span> 
     </span>
     <span class='ocr_line' id='line_1_40' title="bbox 75 2003 885 2048; baseline 0.001 -11"><span class='ocrx_word' id='word_1_228' title='bbox 75 2003 156 2037; x_wconf 81' lang='lat' dir='ltr'><strong>dos:</strong></span> <span class='ocrx_word' id='word_1_229' title='bbox 197 2004 369 2047; x_wconf 83' lang='lat' dir='ltr'><strong>„Virgile</strong></span> <span class='ocrx_word' id='word_1_230' title='bbox 404 2004 523 2048; x_wconf 82' lang='lat' dir='ltr'><strong>place,</strong></span> <span class='ocrx_word' id='word_1_231' title='bbox 570 2016 697 2038; x_wconf 86' lang='lat' dir='ltr'><strong>comme</strong></span> <span class='ocrx_word' id='word_1_232' title='bbox 724 2005 885 2046; x_wconf 75' lang='lat' dir='ltr'><strong>Hom6re,</strong></span> 
     </span>
     <span class='ocr_line' id='line_1_41' title="bbox 74 2049 885 2095; baseline 0.001 -11"><span class='ocrx_word' id='word_1_233' title='bbox 74 2061 137 2084; x_wconf 86' lang='lat' dir='ltr'><strong>son</strong></span> <span class='ocrx_word' id='word_1_234' title='bbox 158 2051 264 2084; x_wconf 74' lang='lat' dir='ltr'><strong>debut</strong></span> <span class='ocrx_word' id='word_1_235' title='bbox 282 2051 360 2094; x_wconf 74' lang='lat' dir='ltr'><strong>pres</strong></span> <span class='ocrx_word' id='word_1_236' title='bbox 378 2049 422 2082; x_wconf 87' lang='lat' dir='ltr'><strong>du</strong></span> <span class='ocrx_word' id='word_1_237' title='bbox 440 2050 657 2092; x_wconf 75' lang='lat' dir='ltr'><strong>denoument,</strong></span> <span class='ocrx_word' id='word_1_238' title='bbox 676 2062 717 2084; x_wconf 94' lang='lat' dir='ltr'><strong>en</strong></span> <span class='ocrx_word' id='word_1_239' title='bbox 736 2052 885 2095; x_wconf 79' lang='lat' dir='ltr'><strong>rejetant</strong></span> 
     </span>
     <span class='ocr_line' id='line_1_42' title="bbox 74 2096 885 2140; baseline 0 -10"><span class='ocrx_word' id='word_1_240' title='bbox 74 2107 118 2130; x_wconf 89' lang='lat' dir='ltr'><strong>au</strong></span> <span class='ocrx_word' id='word_1_241' title='bbox 141 2096 253 2130; x_wconf 90' lang='lat' dir='ltr'><strong>milieu</strong></span> <span class='ocrx_word' id='word_1_242' title='bbox 273 2097 317 2128; x_wconf 89' lang='lat' dir='ltr'><strong>du</strong></span> <span class='ocrx_word' id='word_1_243' title='bbox 337 2099 456 2140; x_wconf 69' lang='lat' dir='ltr'><strong>poeme</strong></span> <span class='ocrx_word' id='word_1_244' title='bbox 479 2096 528 2130; x_wconf 88' lang='lat' dir='ltr'><strong>les</strong></span> <span class='ocrx_word' id='word_1_245' title='bbox 548 2099 764 2130; x_wconf 75' lang='lat' dir='ltr'><strong>evenements</strong></span> <span class='ocrx_word' id='word_1_246' title='bbox 786 2100 885 2130; x_wconf 80' lang='lat' dir='ltr'><strong>ante—</strong></span> 
     </span>
     <span class='ocr_line' id='line_1_43' title="bbox 74 2142 886 2188; baseline 0 -12"><span class='ocrx_word' id='word_1_247' title='bbox 74 2143 199 2176; x_wconf 85' lang='lat' dir='ltr'><strong>rieurs.</strong></span> <span class='ocrx_word' id='word_1_248' title='bbox 248 2142 276 2175; x_wconf 89' lang='lat' dir='ltr'><strong>ll</strong></span> <span class='ocrx_word' id='word_1_249' title='bbox 303 2147 433 2175; x_wconf 89' lang='lat' dir='ltr'><strong>montre</strong></span> <span class='ocrx_word' id='word_1_250' title='bbox 455 2153 517 2175; x_wconf 88' lang='lat' dir='ltr'><strong>son</strong></span> <span class='ocrx_word' id='word_1_251' title='bbox 540 2143 640 2176; x_wconf 83' lang='lat' dir='ltr'><strong>he&#39;ros</strong></span> <span class='ocrx_word' id='word_1_252' title='bbox 659 2154 717 2175; x_wconf 91' lang='lat' dir='ltr'><strong>sur</strong></span> <span class='ocrx_word' id='word_1_253' title='bbox 739 2143 770 2176; x_wconf 90' lang='lat' dir='ltr'><strong>le</strong></span> <span class='ocrx_word' id='word_1_254' title='bbox 789 2143 886 2188; x_wconf 86' lang='lat' dir='ltr'><strong>point</strong></span> 
     </span>
     <span class='ocr_line' id='line_1_44' title="bbox 75 2188 883 2233; baseline 0 -11"><span class='ocrx_word' id='word_1_255' title='bbox 75 2188 119 2222; x_wconf 86' lang='lat' dir='ltr'><strong>de</strong></span> <span class='ocrx_word' id='word_1_256' title='bbox 143 2188 307 2233; x_wconf 84' lang='lat' dir='ltr'><strong>parvenir</strong></span> <span class='ocrx_word' id='word_1_257' title='bbox 335 2199 378 2220; x_wconf 86' lang='lat' dir='ltr'><strong>au</strong></span> <span class='ocrx_word' id='word_1_258' title='bbox 398 2192 505 2221; x_wconf 80' lang='lat' dir='ltr'><strong>terme</strong></span> <span class='ocrx_word' id='word_1_259' title='bbox 523 2188 566 2221; x_wconf 92' lang='lat' dir='ltr'><strong>de</strong></span> <span class='ocrx_word' id='word_1_260' title='bbox 587 2200 641 2222; x_wconf 87' lang='lat' dir='ltr'><strong>ses</strong></span> <span class='ocrx_word' id='word_1_261' title='bbox 660 2189 802 2225; x_wconf 80' lang='lat' dir='ltr'><strong>efforts.</strong></span> <span class='ocrx_word' id='word_1_262' title='bbox 827 2201 883 2222; x_wconf 91' lang='lat' dir='ltr'><strong>re-</strong></span> 
     </span>
     <span class='ocr_line' id='line_1_45' title="bbox 77 2234 884 2279; baseline 0.001 -12"><span class='ocrx_word' id='word_1_263' title='bbox 77 2237 201 2279; x_wconf 78' lang='lat' dir='ltr'><strong>pousse</strong></span> <span class='ocrx_word' id='word_1_264' title='bbox 218 2245 278 2278; x_wconf 83' lang='lat' dir='ltr'><strong>par</strong></span> <span class='ocrx_word' id='word_1_265' title='bbox 295 2234 327 2267; x_wconf 91' lang='lat' dir='ltr'><strong>le</strong></span> <span class='ocrx_word' id='word_1_266' title='bbox 346 2245 516 2266; x_wconf 84' lang='lat' dir='ltr'><strong>courroux</strong></span> <span class='ocrx_word' id='word_1_267' title='bbox 538 2235 638 2267; x_wconf 80' lang='lat' dir='ltr'><strong>d&#39;une</strong></span> <span class='ocrx_word' id='word_1_268' title='bbox 664 2234 805 2268; x_wconf 76' lang='lat' dir='ltr'><strong>divinite</strong></span> <span class='ocrx_word' id='word_1_269' title='bbox 824 2247 884 2268; x_wconf 87' lang='lat' dir='ltr'><strong>en-</strong></span> 
     </span>
     <span class='ocr_line' id='line_1_46' title="bbox 75 2279 883 2324; baseline 0 -10"><span class='ocrx_word' id='word_1_270' title='bbox 75 2281 196 2321; x_wconf 87' lang='lat' dir='ltr'><strong>nemie‚</strong></span> <span class='ocrx_word' id='word_1_271' title='bbox 215 2285 251 2313; x_wconf 88' lang='lat' dir='ltr'><strong>et</strong></span> <span class='ocrx_word' id='word_1_272' title='bbox 267 2279 430 2324; x_wconf 79' lang='lat' dir='ltr'><strong>replonge</strong></span> <span class='ocrx_word' id='word_1_273' title='bbox 446 2280 530 2313; x_wconf 89' lang='lat' dir='ltr'><strong>dans</strong></span> <span class='ocrx_word' id='word_1_274' title='bbox 547 2281 589 2313; x_wconf 92' lang='lat' dir='ltr'><strong>de</strong></span> <span class='ocrx_word' id='word_1_275' title='bbox 607 2292 782 2314; x_wconf 83' lang='lat' dir='ltr'><strong>nouveaux</strong></span> <span class='ocrx_word' id='word_1_276' title='bbox 800 2282 883 2314; x_wconf 90' lang='lat' dir='ltr'><strong>mal-</strong></span> 
     </span>
     <span class='ocr_line' id='line_1_47' title="bbox 74 2326 880 2370; baseline -0.001 -10"><span class='ocrx_word' id='word_1_277' title='bbox 74 2327 188 2360; x_wconf 84' lang='lat' dir='ltr'><strong>heurs.</strong></span> <span class='ocrx_word' id='word_1_278' title='bbox 236 2326 286 2358; x_wconf 88' lang='lat' dir='ltr'><strong>La</strong></span> <span class='ocrx_word' id='word_1_279' title='bbox 324 2329 473 2369; x_wconf 68' lang='lat' dir='ltr'><strong>tempete</strong></span> <span class='ocrx_word' id='word_1_280' title='bbox 503 2326 635 2359; x_wconf 72' lang='lat' dir='ltr'><strong>excitee</strong></span> <span class='ocrx_word' id='word_1_281' title='bbox 665 2338 727 2370; x_wconf 82' lang='lat' dir='ltr'><strong>par</strong></span> <span class='ocrx_word' id='word_1_282' title='bbox 756 2326 880 2368; x_wconf 90' lang='lat' dir='ltr'><strong>Junon,</strong></span> 
     </span>
     <span class='ocr_line' id='line_1_48' title="bbox 73 2371 882 2414; baseline -0.001 -8"><span class='ocrx_word' id='word_1_283' title='bbox 73 2372 107 2406; x_wconf 88' lang='lat' dir='ltr'><strong>le</strong></span> <span class='ocrx_word' id='word_1_284' title='bbox 133 2371 300 2414; x_wconf 81' lang='lat' dir='ltr'><strong>naufrage</strong></span> <span class='ocrx_word' id='word_1_285' title='bbox 324 2371 477 2413; x_wconf 77' lang='lat' dir='ltr'><strong>d&#39;Enee,</strong></span> <span class='ocrx_word' id='word_1_286' title='bbox 508 2383 568 2406; x_wconf 89' lang='lat' dir='ltr'><strong>son</strong></span> <span class='ocrx_word' id='word_1_287' title='bbox 600 2373 733 2406; x_wconf 78' lang='lat' dir='ltr'><strong>arrivee</strong></span> <span class='ocrx_word' id='word_1_288' title='bbox 753 2371 772 2405; x_wconf 76' lang='lat' dir='ltr'><strong>a</strong></span> <span class='ocrx_word' id='word_1_289' title='bbox 794 2372 882 2405; x_wconf 79' lang='lat' dir='ltr'><strong>Car-</strong></span> 
     </span>
     <span class='ocr_line' id='line_1_49' title="bbox 73 2417 883 2462; baseline 0 -11"><span class='ocrx_word' id='word_1_290' title='bbox 73 2419 200 2462; x_wconf 69' lang='lat' dir='ltr'><strong>mage,</strong></span> <span class='ocrx_word' id='word_1_291' title='bbox 231 2429 269 2450; x_wconf 86' lang='lat' dir='ltr'><strong>sa</strong></span> <span class='ocrx_word' id='word_1_292' title='bbox 291 2417 468 2462; x_wconf 77' lang='lat' dir='ltr'><strong>reception</strong></span> <span class='ocrx_word' id='word_1_293' title='bbox 496 2418 578 2451; x_wconf 83' lang='lat' dir='ltr'><strong>chez</strong></span> <span class='ocrx_word' id='word_1_294' title='bbox 600 2418 732 2458; x_wconf 85' lang='lat' dir='ltr'><strong>Didon,</strong></span> <span class='ocrx_word' id='word_1_295' title='bbox 758 2418 883 2451; x_wconf 83' lang='lat' dir='ltr'><strong>offrent</strong></span> 
     </span>
     <span class='ocr_line' id='line_1_50' title="bbox 73 2463 882 2508; baseline 0.001 -10"><span class='ocrx_word' id='word_1_296' title='bbox 73 2465 106 2498; x_wconf 88' lang='lat' dir='ltr'><strong>la</strong></span> <span class='ocrx_word' id='word_1_297' title='bbox 125 2464 373 2497; x_wconf 86' lang='lat' dir='ltr'><strong>ressemblance</strong></span> <span class='ocrx_word' id='word_1_298' title='bbox 390 2464 421 2496; x_wconf 92' lang='lat' dir='ltr'><strong>la</strong></span> <span class='ocrx_word' id='word_1_299' title='bbox 436 2463 511 2508; x_wconf 90' lang='lat' dir='ltr'><strong>plus</strong></span> <span class='ocrx_word' id='word_1_300' title='bbox 530 2465 714 2508; x_wconf 83' lang='lat' dir='ltr'><strong>frappante</strong></span> <span class='ocrx_word' id='word_1_301' title='bbox 730 2476 814 2498; x_wconf 82' lang='lat' dir='ltr'><strong>avec</strong></span> <span class='ocrx_word' id='word_1_302' title='bbox 833 2465 882 2499; x_wconf 89' lang='lat' dir='ltr'><strong>les</strong></span> 
     </span>
     <span class='ocr_line' id='line_1_51' title="bbox 73 2510 880 2567; baseline 0 -24"><span class='ocrx_word' id='word_1_303' title='bbox 73 2521 203 2553; x_wconf 84' lang='lat' dir='ltr'><strong>vagues</strong></span> <span class='ocrx_word' id='word_1_304' title='bbox 223 2510 425 2542; x_wconf 68' lang='grc' dir='ltr'>(Ιέοῑιιιίιιόε5</span> <span class='ocrx_word' id='word_1_305' title='bbox 447 2520 545 2553; x_wconf 62' lang='lat' dir='ltr'><strong>pari</strong></span> <span class='ocrx_word' id='word_1_306' title='bbox 533 2510 715 2567; x_wconf 82' lang='lat' dir='ltr'><strong>Neptune,</strong></span> <span class='ocrx_word' id='word_1_307' title='bbox 741 2511 775 2543; x_wconf 92' lang='lat' dir='ltr'><strong>la</strong></span> <span class='ocrx_word' id='word_1_308' title='bbox 797 2522 880 2544; x_wconf 85' lang='lat' dir='ltr'><strong>nau-</strong></span> 
     </span>
     <span class='ocr_line' id='line_1_52' title="bbox 73 2555 882 2609; baseline 0.001 -20"><span class='ocrx_word' id='word_1_309' title='bbox 73 2556 173 2609; x_wconf 76' lang='lat' dir='ltr'><strong>frage</strong></span> <span class='ocrx_word' id='word_1_310' title='bbox 194 2555 372 2600; x_wconf 85' lang='lat' dir='ltr'><strong>dUlysse,</strong></span> <span class='ocrx_word' id='word_1_311' title='bbox 398 2559 433 2588; x_wconf 85' lang='lat' dir='ltr'><strong>et</strong></span> <span class='ocrx_word' id='word_1_312' title='bbox 457 2566 495 2588; x_wconf 83' lang='lat' dir='ltr'><strong>sa</strong></span> <span class='ocrx_word' id='word_1_313' title='bbox 520 2556 704 2606; x_wconf 77' lang='lat' dir='ltr'><strong>reception</strong></span> <span class='ocrx_word' id='word_1_314' title='bbox 719 2556 800 2589; x_wconf 88' lang='lat' dir='ltr'><strong>chez</strong></span> <span class='ocrx_word' id='word_1_315' title='bbox 823 2557 882 2590; x_wconf 91' lang='lat' dir='ltr'><strong>Al-</strong></span> 
     </span>
     <span class='ocr_line' id='line_1_53' title="bbox 72 2600 882 2646; baseline 0.002 -11"><span class='ocrx_word' id='word_1_316' title='bbox 72 2601 203 2635; x_wconf 80' lang='lat' dir='ltr'><strong>cinoiis.</strong></span> <span class='ocrx_word' id='word_1_317' title='bbox 216 2603 240 2620; x_wconf 92' lang='lat'>“</span> <span class='ocrx_word' id='word_1_318' title='bbox 288 2620 332 2625; x_wconf 92' lang='lat'>—</span> <span class='ocrx_word' id='word_1_319' title='bbox 371 2600 533 2644; x_wconf 83' lang='grc' dir='ltr'><strong><em>’Ἁνδρα</em></strong></span> <span class='ocrx_word' id='word_1_320' title='bbox 572 2615 654 2646; x_wconf 91' lang='grc' dir='ltr'><strong>μοι</strong></span> <span class='ocrx_word' id='word_1_321' title='bbox 694 2602 882 2644; x_wconf 77' lang='grc' dir='ltr'><strong><em>έννεπε,</em></strong></span> 
     </span>
     <span class='ocr_line' id='line_1_54' title="bbox 74 2647 883 2693; baseline 0.001 -12"><span class='ocrx_word' id='word_1_322' title='bbox 74 2649 267 2687; x_wconf 80' lang='grc' dir='ltr'><strong><em>Μουσα,</em></strong></span> <span class='ocrx_word' id='word_1_323' title='bbox 290 2647 614 2687; x_wconf 75' lang='grc' dir='ltr'><strong><em>πολύτροπον.</em></strong></span> <span class='ocrx_word' id='word_1_324' title='bbox 650 2648 762 2693; x_wconf 91' lang='lat' dir='ltr'><strong>potuit</strong></span> <span class='ocrx_word' id='word_1_325' title='bbox 782 2649 883 2684; x_wconf 85' lang='lat' dir='ltr'><strong>Hom.</strong></span> 
     </span>
     <span class='ocr_line' id='line_1_55' title="bbox 72 2691 882 2739; baseline 0.004 -12"><span class='ocrx_word' id='word_1_326' title='bbox 72 2693 188 2727; x_wconf 88' lang='lat' dir='ltr'><strong>dicere</strong></span> <span class='ocrx_word' id='word_1_327' title='bbox 207 2691 384 2733; x_wconf 79' lang='grc' dir='ltr'><strong><em>’Έννεπε,</em></strong></span> <span class='ocrx_word' id='word_1_328' title='bbox 419 2693 560 2734; x_wconf 64' lang='lat' dir='ltr'><strong>Mofia&#39;,</strong></span> <span class='ocrx_word' id='word_1_329' title='bbox 590 2692 758 2739; x_wconf 79' lang='grc' dir='ltr'><strong><em>Ὀδυσῆα</em></strong></span> <span class='ocrx_word' id='word_1_330' title='bbox 786 2698 882 2737; x_wconf 90' lang='grc' dir='ltr'><strong><em>πολ.,</em></strong></span> 
     </span>
     <span class='ocr_line' id='line_1_56' title="bbox 72 2719 883 2794; baseline 0 -20"><span class='ocrx_word' id='word_1_331' title='bbox 72 2739 133 2774; x_wconf 78' lang='lat' dir='ltr'><strong>sed</strong></span> <span class='ocrx_word' id='word_1_332' title='bbox 161 2739 280 2773; x_wconf 85' lang='lat' dir='ltr'><strong>maluit</strong></span> <span class='ocrx_word' id='word_1_333' title='bbox 311 2751 352 2773; x_wconf 84' lang='lat' dir='ltr'><strong>ex</strong></span> <span class='ocrx_word' id='word_1_334' title='bbox 375 2719 609 2784; x_wconf 82' lang='lat' dir='ltr'><strong>descriptione</strong></span> <span class='ocrx_word' id='word_1_335' title='bbox 635 2753 744 2775; x_wconf 87' lang='lat' dir='ltr'><strong>rerum</strong></span> <span class='ocrx_word' id='word_1_336' title='bbox 765 2748 883 2794; x_wconf 78' lang='lat' dir='ltr'><strong>gesta-</strong></span> 
     </span>
     <span class='ocr_line' id='line_1_57' title="bbox 74 2786 884 2830; baseline 0.001 -12"><span class='ocrx_word' id='word_1_337' title='bbox 74 2797 146 2819; x_wconf 85' lang='lat' dir='ltr'><strong>rum</strong></span> <span class='ocrx_word' id='word_1_338' title='bbox 172 2797 361 2830; x_wconf 82' lang='lat' dir='ltr'><strong>agnoscere</strong></span> <span class='ocrx_word' id='word_1_339' title='bbox 381 2786 555 2819; x_wconf 85' lang='lat' dir='ltr'><strong>auditores</strong></span> <span class='ocrx_word' id='word_1_340' title='bbox 583 2787 718 2820; x_wconf 61' lang='lat' dir='ltr'><strong>hei-oiim</strong></span> <span class='ocrx_word' id='word_1_341' title='bbox 741 2786 884 2821; x_wconf 81' lang='lat' dir='ltr'><strong>notissi-</strong></span> 
     </span>
     <span class='ocr_line' id='line_1_58' title="bbox 74 2831 884 2877; baseline 0.001 -12"><span class='ocrx_word' id='word_1_342' title='bbox 74 2842 182 2873; x_wconf 86' lang='lat' dir='ltr'><strong>mum,</strong></span> <span class='ocrx_word' id='word_1_343' title='bbox 215 2831 395 2875; x_wconf 80' lang='lat' dir='ltr'><strong>multisque</strong></span> <span class='ocrx_word' id='word_1_344' title='bbox 433 2832 571 2865; x_wconf 75' lang='lat' dir='ltr'><strong>alioruin</strong></span> <span class='ocrx_word' id='word_1_345' title='bbox 599 2845 738 2877; x_wconf 76' lang='lat' dir='ltr'><strong>quoqne</strong></span> <span class='ocrx_word' id='word_1_346' title='bbox 765 2837 884 2877; x_wconf 69' lang='grc' dir='ltr'>ροϊ-ιιι-</span> 
     </span>
     <span class='ocr_line' id='line_1_59' title="bbox 74 2876 886 2922; baseline 0 -10"><span class='ocrx_word' id='word_1_347' title='bbox 74 2889 146 2912; x_wconf 85' lang='lat' dir='ltr'><strong>rum</strong></span> <span class='ocrx_word' id='word_1_348' title='bbox 166 2876 370 2910; x_wconf 81' lang='lat' dir='ltr'><strong>carminibus</strong></span> <span class='ocrx_word' id='word_1_349' title='bbox 387 2878 605 2911; x_wconf 80' lang='lat' dir='ltr'><strong>celebratum.</strong></span> <span class='ocrx_word' id='word_1_350' title='bbox 654 2880 706 2911; x_wconf 70' lang='lat'><strong>1⁴2:</strong></span> <span class='ocrx_word' id='word_1_351' title='bbox 732 2881 886 2922; x_wconf 68' lang='grc' dir='ltr'><strong><em>σημείω-</em></strong></span> 
     </span>
     <span class='ocr_line' id='line_1_60' title="bbox 75 2920 886 2977; baseline 0.001 -19"><span class='ocrx_word' id='word_1_352' title='bbox 75 2935 138 2958; x_wconf 86' lang='grc' dir='ltr'><strong>σαι</strong></span> <span class='ocrx_word' id='word_1_353' title='bbox 162 2920 218 2958; x_wconf 77' lang='grc' dir='ltr'><strong>ὅτι</strong></span> <span class='ocrx_word' id='word_1_354' title='bbox 240 2924 360 2977; x_wconf 72' lang='grc' dir='ltr'>σιωπᾷ</span> <span class='ocrx_word' id='word_1_355' title='bbox 385 2921 425 2957; x_wconf 85' lang='grc' dir='ltr'>τὸ</span> <span class='ocrx_word' id='word_1_356' title='bbox 446 2925 511 2957; x_wconf 83' lang='grc' dir='ltr'><strong><em>τοῦ</em></strong></span> <span class='ocrx_word' id='word_1_357' title='bbox 534 2922 739 2965; x_wconf 74' lang='grc' dir='ltr'><em>Ὀδυσσέως</em></span> <span class='ocrx_word' id='word_1_358' title='bbox 762 2924 798 2968; x_wconf 78' lang='grc' dir='ltr'><strong>ἐξ</strong></span> <span class='ocrx_word' id='word_1_359' title='bbox 822 2923 886 2965; x_wconf 80' lang='grc' dir='ltr'><strong>ἀρ-</strong></span> 
     </span>
     <span class='ocr_line' id='line_1_61' title="bbox 76 2966 887 3015; baseline -0.012 1"><span class='ocrx_word' id='word_1_360' title='bbox 76 2971 142 3015; x_wconf 68' lang='grc' dir='ltr'><strong>χῆς</strong></span> <span class='ocrx_word' id='word_1_361' title='bbox 168 2966 286 3014; x_wconf 79' lang='grc' dir='ltr'><strong><em>ὄνομα</em></strong></span> <span class='ocrx_word' id='word_1_362' title='bbox 315 2967 333 3005; x_wconf 89' lang='lat'><strong>6</strong></span> <span class='ocrx_word' id='word_1_363' title='bbox 367 2967 549 3015; x_wconf 61' lang='grc' dir='ltr'>Ποιητής,</span> <span class='ocrx_word' id='word_1_364' title='bbox 585 2968 739 3015; x_wconf 72' lang='grc' dir='ltr'><strong><em>ἐξαίρων</em></strong></span> <span class='ocrx_word' id='word_1_365' title='bbox 770 2969 887 3007; x_wconf 80' lang='grc' dir='ltr'><strong><em>αὐτὸν</em></strong></span> 
     </span>
    </p>
   </div>
   <div class='ocr_carea' id='block_1_6' title="bbox 932 385 1746 1453">
    <p class='ocr_par' dir='ltr' id='par_1_6' title="bbox 932 385 1746 1444">
     <span class='ocr_line' id='line_1_62' title="bbox 938 385 1744 431; baseline -0.004 -8"><span class='ocrx_word' id='word_1_366' title='bbox 938 390 1087 431; x_wconf 82' lang='grc' dir='ltr'><strong><em>σεμνοῖς</em></strong></span> <span class='ocrx_word' id='word_1_367' title='bbox 1125 385 1313 428; x_wconf 78' lang='grc' dir='ltr'>ἐπιθέτοις</span> <span class='ocrx_word' id='word_1_368' title='bbox 1347 388 1409 423; x_wconf 75' lang='grc' dir='ltr'><strong>καὶ</strong></span> <span class='ocrx_word' id='word_1_369' title='bbox 1439 386 1650 431; x_wconf 80' lang='grc' dir='ltr'>ἐγκωμίοις,</span> <span class='ocrx_word' id='word_1_370' title='bbox 1679 386 1744 421; x_wconf 77' lang='grc' dir='ltr'><strong>καὶ</strong></span> 
     </span>
     <span class='ocr_line' id='line_1_63' title="bbox 937 431 1744 487; baseline -0.005 -18"><span class='ocrx_word' id='word_1_371' title='bbox 937 433 1120 487; x_wconf 77' lang='grc' dir='ltr'><strong><em>ἄναρτων</em></strong></span> <span class='ocrx_word' id='word_1_372' title='bbox 1124 433 1191 469; x_wconf 81' lang='grc' dir='ltr'><strong>τὸν</strong></span> <span class='ocrx_word' id='word_1_373' title='bbox 1206 431 1404 477; x_wconf 71' lang='grc' dir='ltr'><strong><em>ἀκροατήν.</em></strong></span> <span class='ocrx_word' id='word_1_374' title='bbox 1436 433 1589 467; x_wconf 84' lang='lat' dir='ltr'><strong>imitatus</strong></span> <span class='ocrx_word' id='word_1_375' title='bbox 1605 433 1669 466; x_wconf 88' lang='lat' dir='ltr'><strong>hoc</strong></span> <span class='ocrx_word' id='word_1_376' title='bbox 1688 436 1744 466; x_wconf 87' lang='lat' dir='ltr'><strong>est</strong></span> 
     </span>
     <span class='ocr_line' id='line_1_64' title="bbox 935 479 1743 524; baseline -0.002 -12"><span class='ocrx_word' id='word_1_377' title='bbox 935 480 1036 524; x_wconf 85' lang='lat' dir='ltr'><strong>Virg.</strong></span> <span class='ocrx_word' id='word_1_378' title='bbox 1068 479 1178 524; x_wconf 87' lang='lat' dir='ltr'><strong>prima</strong></span> <span class='ocrx_word' id='word_1_379' title='bbox 1207 480 1370 514; x_wconf 82' lang='lat' dir='ltr'><strong>Aeneide.</strong></span> <span class='ocrx_word' id='word_1_380' title='bbox 1417 479 1561 513; x_wconf 85' lang='lat' dir='ltr'><strong>Flaccus</strong></span> <span class='ocrx_word' id='word_1_381' title='bbox 1604 489 1743 523; x_wconf 91' lang='lat' dir='ltr'><strong>quoque</strong></span> 
     </span>
     <span class='ocr_line' id='line_1_65' title="bbox 935 525 1743 568; baseline -0.004 -9"><span class='ocrx_word' id='word_1_382' title='bbox 935 527 975 559; x_wconf 89' lang='lat' dir='ltr'><strong>A.</strong></span> <span class='ocrx_word' id='word_1_383' title='bbox 992 526 1051 568; x_wconf 63' lang='lat' dir='ltr'><strong>P„</strong></span> <span class='ocrx_word' id='word_1_384' title='bbox 1077 525 1176 561; x_wconf 83' lang='lat'><strong>141.:</strong></span> <span class='ocrx_word' id='word_1_385' title='bbox 1200 525 1255 558; x_wconf 84' lang='lat' dir='ltr'><strong>dic</strong></span> <span class='ocrx_word' id='word_1_386' title='bbox 1271 525 1373 564; x_wconf 78' lang='lat' dir='ltr'><strong>mihi,</strong></span> <span class='ocrx_word' id='word_1_387' title='bbox 1397 525 1511 565; x_wconf 79' lang='lat' dir='ltr'><strong>Musa,</strong></span> <span class='ocrx_word' id='word_1_388' title='bbox 1535 525 1660 565; x_wconf 76' lang='lat' dir='ltr'><strong>virum,</strong></span> <span class='ocrx_word' id='word_1_389' title='bbox 1683 535 1743 557; x_wconf 82' lang='lat' dir='ltr'><strong>ca-</strong></span> 
     </span>
     <span class='ocr_line' id='line_1_66' title="bbox 933 570 1743 615; baseline -0.002 -10"><span class='ocrx_word' id='word_1_390' title='bbox 933 577 1019 615; x_wconf 81' lang='lat' dir='ltr'><strong>ptae</strong></span> <span class='ocrx_word' id='word_1_391' title='bbox 1035 576 1112 614; x_wconf 83' lang='lat' dir='ltr'><strong>post</strong></span> <span class='ocrx_word' id='word_1_392' title='bbox 1128 576 1284 614; x_wconf 83' lang='lat' dir='ltr'><strong>tempora</strong></span> <span class='ocrx_word' id='word_1_393' title='bbox 1301 571 1445 613; x_wconf 71' lang='lat' dir='ltr'><strong>Troiae,</strong></span> <span class='ocrx_word' id='word_1_394' title='bbox 1472 571 1539 613; x_wconf 77' lang='lat' dir='ltr'><strong>Qui</strong></span> <span class='ocrx_word' id='word_1_395' title='bbox 1556 581 1667 604; x_wconf 81' lang='lat' dir='ltr'><strong>mores</strong></span> <span class='ocrx_word' id='word_1_396' title='bbox 1680 570 1743 603; x_wconf 83' lang='grc' dir='ltr'>Ῑιο-</span> 
     </span>
     <span class='ocr_line' id='line_1_67' title="bbox 934 617 1742 651; baseline -0.003 0"><span class='ocrx_word' id='word_1_397' title='bbox 934 618 1066 651; x_wconf 82' lang='lat' dir='ltr'><strong>minum</strong></span> <span class='ocrx_word' id='word_1_398' title='bbox 1084 619 1268 651; x_wconf 80' lang='lat' dir='ltr'><strong>multorum</strong></span> <span class='ocrx_word' id='word_1_399' title='bbox 1287 617 1375 650; x_wconf 80' lang='lat' dir='ltr'><strong>vidit</strong></span> <span class='ocrx_word' id='word_1_400' title='bbox 1404 621 1437 650; x_wconf 78' lang='lat' dir='ltr'><strong>et</strong></span> <span class='ocrx_word' id='word_1_401' title='bbox 1462 618 1574 650; x_wconf 80' lang='lat' dir='ltr'><strong>urbes.</strong></span> <span class='ocrx_word' id='word_1_402' title='bbox 1598 636 1644 642; x_wconf 96' lang='lat'><strong>—</strong></span> <span class='ocrx_word' id='word_1_403' title='bbox 1669 617 1742 650; x_wconf 87' lang='grc' dir='ltr'>Αιιι</span> 
     </span>
     <span class='ocr_line' id='line_1_68' title="bbox 936 659 1741 717; baseline -0.001 -21"><span class='ocrx_word' id='word_1_404' title='bbox 936 663 970 696; x_wconf 91' lang='grc' dir='ltr'><strong>Ε</strong></span> <span class='ocrx_word' id='word_1_405' title='bbox 991 668 1026 696; x_wconf 90' lang='lat' dir='ltr'><strong>et</strong></span> <span class='ocrx_word' id='word_1_406' title='bbox 1044 663 1098 703; x_wconf 98' lang='lat' dir='ltr'><strong>Q.</strong></span> <span class='ocrx_word' id='word_1_407' title='bbox 1133 682 1176 688; x_wconf 87' lang='lat'>—</span> <span class='ocrx_word' id='word_1_408' title='bbox 1208 660 1329 707; x_wconf 77' lang='grc' dir='ltr'><strong><em>ἀνὴρ</em></strong></span> <span class='ocrx_word' id='word_1_409' title='bbox 1356 660 1396 697; x_wconf 73' lang='grc' dir='ltr'><strong>δὲ</strong></span> <span class='ocrx_word' id='word_1_410' title='bbox 1420 660 1541 706; x_wconf 76' lang='grc' dir='ltr'><strong><em>γέγονε</em></strong></span> <span class='ocrx_word' id='word_1_411' title='bbox 1570 659 1672 717; x_wconf 73' lang='grc' dir='ltr'><strong><em>παρὰ</em></strong></span> <span class='ocrx_word' id='word_1_412' title='bbox 1698 660 1741 695; x_wconf 82' lang='grc' dir='ltr'><strong>τό</strong></span> 
     </span>
     <span class='ocr_line' id='line_1_69' title="bbox 936 705 1742 765; baseline -0.002 -22"><span class='ocrx_word' id='word_1_413' title='bbox 936 707 1066 744; x_wconf 76' lang='grc' dir='ltr'><strong><em>ἀνύειν</em></strong></span> <span class='ocrx_word' id='word_1_414' title='bbox 1091 706 1247 765; x_wconf 84' lang='grc' dir='ltr'><strong><em>(ανειν)</em></strong></span> <span class='ocrx_word' id='word_1_415' title='bbox 1281 708 1489 750; x_wconf 82' lang='grc' dir='ltr'><strong><em>δύνασθαι,</em></strong></span> <span class='ocrx_word' id='word_1_416' title='bbox 1520 705 1620 765; x_wconf 77' lang='grc' dir='ltr'><strong><em>γυνὴ</em></strong></span> <span class='ocrx_word' id='word_1_417' title='bbox 1637 705 1742 749; x_wconf 81' lang='grc' dir='ltr'><strong><em>παρὰ</em></strong></span> 
     </span>
     <span class='ocr_line' id='line_1_70' title="bbox 935 751 1744 813; baseline -0.002 -24"><span class='ocrx_word' id='word_1_418' title='bbox 935 755 977 790; x_wconf 84' lang='grc' dir='ltr'><strong>τό</strong></span> <span class='ocrx_word' id='word_1_419' title='bbox 1006 756 1169 813; x_wconf 77' lang='grc' dir='ltr'><strong><em>γεννᾷν,</em></strong></span> <span class='ocrx_word' id='word_1_420' title='bbox 1198 753 1314 799; x_wconf 77' lang='grc' dir='ltr'><strong><em>ἅρσην</em></strong></span> <span class='ocrx_word' id='word_1_421' title='bbox 1345 754 1416 799; x_wconf 71' lang='lat'><strong>(2)</strong></span> <span class='ocrx_word' id='word_1_422' title='bbox 1449 753 1554 797; x_wconf 72' lang='grc' dir='ltr'><strong><em>παρὰ</em></strong></span> <span class='ocrx_word' id='word_1_423' title='bbox 1580 752 1622 790; x_wconf 82' lang='grc' dir='ltr'><strong>τό</strong></span> <span class='ocrx_word' id='word_1_424' title='bbox 1654 751 1744 796; x_wconf 70' lang='lat'>0196-</span> 
     </span>
     <span class='ocr_line' id='line_1_71' title="bbox 935 800 1744 858; baseline -0.004 -22"><span class='ocrx_word' id='word_1_425' title='bbox 935 812 1009 836; x_wconf 86' lang='grc' dir='ltr'>σαι.</span> <span class='ocrx_word' id='word_1_426' title='bbox 1057 818 1103 826; x_wconf 90' lang='grc'>-</span> <span class='ocrx_word' id='word_1_427' title='bbox 1150 800 1322 836; x_wconf 77' lang='grc' dir='ltr'><strong><em>ἔννεπε.</em></strong></span> <span class='ocrx_word' id='word_1_428' title='bbox 1357 801 1584 858; x_wconf 85' lang='lat' dir='ltr'><strong>probabiliter</strong></span> <span class='ocrx_word' id='word_1_429' title='bbox 1615 800 1744 834; x_wconf 83' lang='lat' dir='ltr'><strong>Buttm.</strong></span> 
     </span>
     <span class='ocr_line' id='line_1_72' title="bbox 934 845 1743 893; baseline -0.002 -11"><span class='ocrx_word' id='word_1_430' title='bbox 934 848 1044 882; x_wconf 77' lang='lat' dir='ltr'><strong>Lexil.</strong></span> <span class='ocrx_word' id='word_1_431' title='bbox 1069 850 1100 882; x_wconf 92' lang='lat'><strong>1.</strong></span> <span class='ocrx_word' id='word_1_432' title='bbox 1119 858 1153 893; x_wconf 86' lang='lat' dir='ltr'><strong>p.</strong></span> <span class='ocrx_word' id='word_1_433' title='bbox 1170 849 1250 883; x_wconf 73' lang='lat'><strong>287.</strong></span> <span class='ocrx_word' id='word_1_434' title='bbox 1271 853 1307 881; x_wconf 86' lang='lat' dir='ltr'><strong>et</strong></span> <span class='ocrx_word' id='word_1_435' title='bbox 1325 859 1421 892; x_wconf 83' lang='lat' dir='ltr'><strong>seqq.</strong></span> <span class='ocrx_word' id='word_1_436' title='bbox 1444 845 1585 882; x_wconf 81' lang='grc' dir='ltr'><strong><em>ἐνέπειν</em></strong></span> <span class='ocrx_word' id='word_1_437' title='bbox 1602 847 1743 880; x_wconf 83' lang='lat' dir='ltr'><strong>formam</strong></span> 
     </span>
     <span class='ocr_line' id='line_1_73' title="bbox 935 890 1743 934; baseline -0.001 -7"><span class='ocrx_word' id='word_1_438' title='bbox 935 893 1122 927; x_wconf 85' lang='lat' dir='ltr'><strong>auctiorem</strong></span> <span class='ocrx_word' id='word_1_439' title='bbox 1143 905 1218 928; x_wconf 89' lang='lat' dir='ltr'><strong>esse</strong></span> <span class='ocrx_word' id='word_1_440' title='bbox 1235 893 1320 927; x_wconf 87' lang='lat' dir='ltr'><strong>dicit</strong></span> <span class='ocrx_word' id='word_1_441' title='bbox 1343 895 1413 928; x_wconf 79' lang='grc' dir='ltr'><strong><em>τοῦ</em></strong></span> <span class='ocrx_word' id='word_1_442' title='bbox 1436 892 1556 934; x_wconf 76' lang='grc' dir='ltr'><strong><em>ἔπειν,</em></strong></span> <span class='ocrx_word' id='word_1_443' title='bbox 1590 890 1743 934; x_wconf 78' lang='grc' dir='ltr'><strong><em>,,ἐνε’πω</em></strong></span> 
     </span>
     <span class='ocr_line' id='line_1_74' title="bbox 933 938 1743 983; baseline -0.004 -10"><span class='ocrx_word' id='word_1_444' title='bbox 933 939 979 973; x_wconf 88' lang='lat' dir='ltr'><strong>ist</strong></span> <span class='ocrx_word' id='word_1_445' title='bbox 998 939 1122 972; x_wconf 85' lang='lat' dir='ltr'><strong>weiter</strong></span> <span class='ocrx_word' id='word_1_446' title='bbox 1143 939 1253 973; x_wconf 87' lang='lat' dir='ltr'><strong>nichts</strong></span> <span class='ocrx_word' id='word_1_447' title='bbox 1277 940 1328 973; x_wconf 91' lang='lat' dir='ltr'><strong>als</strong></span> <span class='ocrx_word' id='word_1_448' title='bbox 1350 938 1426 973; x_wconf 88' lang='lat' dir='ltr'><strong>eine</strong></span> <span class='ocrx_word' id='word_1_449' title='bbox 1449 939 1622 983; x_wconf 85' lang='lat' dir='ltr'><strong>gedehnte</strong></span> <span class='ocrx_word' id='word_1_450' title='bbox 1639 938 1743 971; x_wconf 87' lang='lat' dir='ltr'><strong>Form</strong></span> 
     </span>
     <span class='ocr_line' id='line_1_75' title="bbox 933 985 1744 1020; baseline -0.004 -1"><span class='ocrx_word' id='word_1_451' title='bbox 933 997 1001 1019; x_wconf 89' lang='lat' dir='ltr'><strong>von</strong></span> <span class='ocrx_word' id='word_1_452' title='bbox 1018 987 1127 1020; x_wconf 75' lang='grc' dir='ltr'><em>ΕΠΩ,</em></span> <span class='ocrx_word' id='word_1_453' title='bbox 1144 985 1228 1020; x_wconf 88' lang='lat' dir='ltr'><strong>oder</strong></span> <span class='ocrx_word' id='word_1_454' title='bbox 1249 987 1386 1020; x_wconf 76' lang='grc' dir='ltr'>ΕΙΠΩ.</span> <span class='ocrx_word' id='word_1_455' title='bbox 1392 988 1417 1004; x_wconf 89' lang='grc'>“</span> <span class='ocrx_word' id='word_1_456' title='bbox 1454 997 1517 1019; x_wconf 89' lang='lat' dir='ltr'><strong>nec</strong></span> <span class='ocrx_word' id='word_1_457' title='bbox 1533 990 1646 1018; x_wconf 85' lang='lat' dir='ltr'><strong>tamen</strong></span> <span class='ocrx_word' id='word_1_458' title='bbox 1664 995 1744 1017; x_wconf 88' lang='lat' dir='ltr'><strong>sen-</strong></span> 
     </span>
     <span class='ocr_line' id='line_1_76' title="bbox 933 1029 1742 1076; baseline -0.002 -11"><span class='ocrx_word' id='word_1_459' title='bbox 933 1043 974 1065; x_wconf 88' lang='lat' dir='ltr'><strong>su</strong></span> <span class='ocrx_word' id='word_1_460' title='bbox 1005 1035 1138 1065; x_wconf 80' lang='lat' dir='ltr'><strong>careret</strong></span> <span class='ocrx_word' id='word_1_461' title='bbox 1167 1029 1206 1065; x_wconf 79' lang='grc' dir='ltr'><strong>ἐν</strong></span> <span class='ocrx_word' id='word_1_462' title='bbox 1230 1030 1462 1076; x_wconf 82' lang='lat' dir='ltr'><strong>praepositio,</strong></span> <span class='ocrx_word' id='word_1_463' title='bbox 1487 1031 1517 1064; x_wconf 88' lang='lat' dir='ltr'><strong>si</strong></span> <span class='ocrx_word' id='word_1_464' title='bbox 1539 1036 1742 1073; x_wconf 80' lang='lat' dir='ltr'><strong>sumeretur,</strong></span> 
     </span>
     <span class='ocr_line' id='line_1_77' title="bbox 933 1076 1744 1122; baseline -0.001 -12"><span class='ocrx_word' id='word_1_465' title='bbox 933 1077 969 1111; x_wconf 88' lang='lat' dir='ltr'><strong>id</strong></span> <span class='ocrx_word' id='word_1_466' title='bbox 996 1079 1087 1122; x_wconf 89' lang='lat' dir='ltr'><strong>quod</strong></span> <span class='ocrx_word' id='word_1_467' title='bbox 1116 1078 1193 1122; x_wconf 88' lang='lat' dir='ltr'><strong>ipse</strong></span> <span class='ocrx_word' id='word_1_468' title='bbox 1218 1079 1346 1112; x_wconf 88' lang='lat' dir='ltr'><strong>Buttm.</strong></span> <span class='ocrx_word' id='word_1_469' title='bbox 1376 1076 1566 1118; x_wconf 86' lang='lat' dir='ltr'><strong>intellexit,</strong></span> <span class='ocrx_word' id='word_1_470' title='bbox 1590 1087 1653 1109; x_wconf 91' lang='lat' dir='ltr'><strong>nec</strong></span> <span class='ocrx_word' id='word_1_471' title='bbox 1672 1087 1744 1109; x_wconf 92' lang='lat' dir='ltr'><strong>ma-</strong></span> 
     </span>
     <span class='ocr_line' id='line_1_78' title="bbox 934 1121 1743 1178; baseline -0.001 -23"><span class='ocrx_word' id='word_1_472' title='bbox 934 1123 988 1168; x_wconf 81' lang='lat' dir='ltr'><strong>gis</strong></span> <span class='ocrx_word' id='word_1_473' title='bbox 1027 1123 1175 1157; x_wconf 88' lang='lat' dir='ltr'><strong>insolens</strong></span> <span class='ocrx_word' id='word_1_474' title='bbox 1217 1129 1270 1157; x_wconf 85' lang='lat' dir='ltr'><strong>est</strong></span> <span class='ocrx_word' id='word_1_475' title='bbox 1309 1121 1470 1158; x_wconf 78' lang='grc' dir='ltr'><strong><em>ἐννέπειν</em></strong></span> <span class='ocrx_word' id='word_1_476' title='bbox 1506 1122 1699 1178; x_wconf 83' lang='lat' dir='ltr'><strong>geminato</strong></span> <span class='ocrx_word' id='word_1_477' title='bbox 1720 1133 1743 1155; x_wconf 87' lang='grc' dir='ltr'><strong>ν</strong></span> 
     </span>
     <span class='ocr_line' id='line_1_79' title="bbox 935 1164 1743 1215; baseline 0 -13"><span class='ocrx_word' id='word_1_478' title='bbox 935 1181 1033 1212; x_wconf 84' lang='lat' dir='ltr'><strong>quam</strong></span> <span class='ocrx_word' id='word_1_479' title='bbox 1059 1168 1220 1210; x_wconf 77' lang='grc' dir='ltr'><strong><em>ἐννεσία,</em></strong></span> <span class='ocrx_word' id='word_1_480' title='bbox 1245 1166 1440 1215; x_wconf 76' lang='grc' dir='ltr'><strong><em>ἄλληκτος,</em></strong></span> <span class='ocrx_word' id='word_1_481' title='bbox 1465 1181 1651 1213; x_wconf 84' lang='grc' dir='ltr'><strong><em>αμμορος,</em></strong></span> <span class='ocrx_word' id='word_1_482' title='bbox 1676 1164 1743 1212; x_wconf 73' lang='grc' dir='ltr'><strong>ἄῤ-</strong></span> 
     </span>
     <span class='ocr_line' id='line_1_80' title="bbox 933 1213 1744 1259; baseline -0.001 -10"><span class='ocrx_word' id='word_1_483' title='bbox 933 1215 1065 1259; x_wconf 79' lang='grc' dir='ltr'><strong><em>ρητος,</em></strong></span> <span class='ocrx_word' id='word_1_484' title='bbox 1100 1213 1210 1256; x_wconf 79' lang='grc' dir='ltr'><strong><em>ὅσσος</em></strong></span> <span class='ocrx_word' id='word_1_485' title='bbox 1240 1220 1306 1252; x_wconf 88' lang='lat' dir='ltr'><strong>etc.</strong></span> <span class='ocrx_word' id='word_1_486' title='bbox 1354 1227 1388 1249; x_wconf 86' lang='lat' dir='ltr'><strong>v.</strong></span> <span class='ocrx_word' id='word_1_487' title='bbox 1418 1215 1488 1249; x_wconf 88' lang='lat' dir='ltr'><strong>Th.</strong></span> <span class='ocrx_word' id='word_1_488' title='bbox 1517 1227 1551 1259; x_wconf 90' lang='lat' dir='ltr'><strong>p.</strong></span> <span class='ocrx_word' id='word_1_489' title='bbox 1576 1215 1657 1249; x_wconf 70' lang='lat'><strong>230.</strong></span> <span class='ocrx_word' id='word_1_490' title='bbox 1699 1233 1744 1239; x_wconf 90' lang='lat'><strong>——-</strong></span> 
     </span>
     <span class='ocr_line' id='line_1_81' title="bbox 932 1259 1745 1303; baseline 0 -9"><span class='ocrx_word' id='word_1_491' title='bbox 932 1262 1034 1294; x_wconf 75' lang='lat' dir='ltr'><strong>Seli-2</strong></span> <span class='ocrx_word' id='word_1_492' title='bbox 1067 1260 1391 1303; x_wconf 77' lang='grc' dir='ltr'><strong><em>πολύτροπον.</em></strong></span> <span class='ocrx_word' id='word_1_493' title='bbox 1427 1259 1486 1295; x_wconf 78' lang='grc' dir='ltr'><strong>ἐπι</strong></span> <span class='ocrx_word' id='word_1_494' title='bbox 1520 1259 1638 1296; x_wconf 82' lang='grc' dir='ltr'><strong><em>πολλοὶ</em></strong></span> <span class='ocrx_word' id='word_1_495' title='bbox 1667 1259 1745 1302; x_wconf 74' lang='grc' dir='ltr'><strong><em>τρέ-</em></strong></span> 
     </span>
     <span class='ocr_line' id='line_1_82' title="bbox 932 1304 1745 1351; baseline 0.001 -11"><span class='ocrx_word' id='word_1_496' title='bbox 932 1319 1053 1342; x_wconf 81' lang='grc' dir='ltr'><strong><em>ποντα</em></strong></span> <span class='ocrx_word' id='word_1_497' title='bbox 1072 1320 1140 1351; x_wconf 77' lang='grc' dir='ltr'><strong>την</strong></span> <span class='ocrx_word' id='word_1_498' title='bbox 1161 1306 1346 1349; x_wconf 76' lang='grc' dir='ltr'><strong><em>διάνοιαν,</em></strong></span> <span class='ocrx_word' id='word_1_499' title='bbox 1371 1306 1536 1347; x_wconf 80' lang='grc' dir='ltr'><strong><em>συνετὸν,</em></strong></span> <span class='ocrx_word' id='word_1_500' title='bbox 1560 1304 1583 1351; x_wconf 83' lang='grc' dir='ltr'>ἢ</span> <span class='ocrx_word' id='word_1_501' title='bbox 1601 1306 1745 1341; x_wconf 75' lang='grc' dir='ltr'><strong><em>πολλῶν</em></strong></span> 
     </span>
     <span class='ocr_line' id='line_1_83' title="bbox 935 1351 1744 1397; baseline -0.001 -10"><span class='ocrx_word' id='word_1_502' title='bbox 935 1351 1108 1397; x_wconf 66' lang='grc' dir='ltr'><strong><em>ἔμπειρον</em></strong></span> <span class='ocrx_word' id='word_1_503' title='bbox 1135 1353 1292 1395; x_wconf 80' lang='grc' dir='ltr'><strong><em>τρόπων.</em></strong></span> <span class='ocrx_word' id='word_1_504' title='bbox 1342 1353 1563 1388; x_wconf 85' lang='lat' dir='ltr'><strong>Antisthenes</strong></span> <span class='ocrx_word' id='word_1_505' title='bbox 1589 1364 1645 1397; x_wconf 91' lang='lat' dir='ltr'><strong>ap.</strong></span> <span class='ocrx_word' id='word_1_506' title='bbox 1671 1354 1744 1387; x_wconf 87' lang='lat' dir='ltr'><strong>Am.</strong></span> 
     </span>
     <span class='ocr_line' id='line_1_84' title="bbox 935 1396 1746 1453; baseline 0.001 -21"><span class='ocrx_word' id='word_1_507' title='bbox 935 1399 1000 1438; x_wconf 84' lang='lat' dir='ltr'><strong>Q.:</strong></span> <span class='ocrx_word' id='word_1_508' title='bbox 1034 1419 1079 1425; x_wconf 96' lang='lat'>—</span> <span class='ocrx_word' id='word_1_509' title='bbox 1110 1399 1174 1434; x_wconf 73' lang='grc' dir='ltr'><strong>διὰ</strong></span> <span class='ocrx_word' id='word_1_510' title='bbox 1213 1399 1328 1434; x_wconf 81' lang='grc' dir='ltr'><strong><em>τοῦτό</em></strong></span> <span class='ocrx_word' id='word_1_511' title='bbox 1358 1411 1463 1453; x_wconf 86' lang='grc' dir='ltr'>φησι</span> <span class='ocrx_word' id='word_1_512' title='bbox 1476 1397 1542 1434; x_wconf 82' lang='grc' dir='ltr'><strong>τὸν</strong></span> <span class='ocrx_word' id='word_1_513' title='bbox 1563 1396 1746 1434; x_wconf 76' lang='grc' dir='ltr'><strong><em>Ὀδυσσέα</em></strong></span> 
     </span>
    </p>
   </div>
   <div class='ocr_carea' id='block_1_7' title="bbox 925 1441 1745 1499">
    <p class='ocr_par' dir='ltr' id='par_1_7' title="bbox 925 1441 1745 1499">
     <span class='ocr_line' id='line_1_85' title="bbox 925 1441 1745 1499; baseline 0.001 -20"><span class='ocrx_word' id='word_1_514' title='bbox 925 1441 1011 1499; x_wconf 71' lang='grc' dir='ltr'>’”Ὀμ.</span> <span class='ocrx_word' id='word_1_515' title='bbox 1023 1470 1033 1485; x_wconf 85' lang='grc'><em>,</em></span> <span class='ocrx_word' id='word_1_516' title='bbox 1072 1445 1192 1489; x_wconf 85' lang='grc' dir='ltr'><strong><em>σοφὸν</em></strong></span> <span class='ocrx_word' id='word_1_517' title='bbox 1220 1445 1329 1488; x_wconf 81' lang='grc' dir='ltr'><strong><em>ὄντα,</em></strong></span> <span class='ocrx_word' id='word_1_518' title='bbox 1367 1443 1605 1487; x_wconf 82' lang='grc' dir='ltr'><strong><em>πολυτροπον</em></strong></span> <span class='ocrx_word' id='word_1_519' title='bbox 1636 1443 1745 1487; x_wconf 84' lang='grc' dir='ltr'><strong><em>εἶναι,</em></strong></span> 
     </span>
    </p>
   </div>
   <div class='ocr_carea' id='block_1_8' title="bbox 929 1487 1746 2320">
    <p class='ocr_par' dir='ltr' id='par_1_8' title="bbox 929 1487 1746 2320">
     <span class='ocr_line' id='line_1_86' title="bbox 933 1487 1746 1535; baseline 0.001 -11"><span class='ocrx_word' id='word_1_520' title='bbox 933 1487 990 1525; x_wconf 77' lang='grc' dir='ltr'><strong>ὅτι</strong></span> <span class='ocrx_word' id='word_1_521' title='bbox 1019 1489 1066 1534; x_wconf 75' lang='grc' dir='ltr'><em>δὴ</em></span> <span class='ocrx_word' id='word_1_522' title='bbox 1098 1495 1175 1532; x_wconf 81' lang='grc' dir='ltr'><strong><em>τοῖς</em></strong></span> <span class='ocrx_word' id='word_1_523' title='bbox 1203 1490 1422 1535; x_wconf 72' lang='grc' dir='ltr'><strong><em>ἀνθρώποις</em></strong></span> <span class='ocrx_word' id='word_1_524' title='bbox 1447 1488 1628 1535; x_wconf 81' lang='grc' dir='ltr'><strong><em>ἠπίστατο</em></strong></span> <span class='ocrx_word' id='word_1_525' title='bbox 1654 1493 1746 1526; x_wconf 88' lang='grc' dir='ltr'><strong><em>πολ-</em></strong></span> 
     </span>
     <span class='ocr_line' id='line_1_87' title="bbox 932 1536 1745 1594; baseline 0.001 -23"><span class='ocrx_word' id='word_1_526' title='bbox 932 1540 1011 1577; x_wconf 87' lang='grc' dir='ltr'><strong><em>λοῖς</em></strong></span> <span class='ocrx_word' id='word_1_527' title='bbox 1039 1536 1191 1594; x_wconf 72' lang='grc' dir='ltr'><strong><em>τρόποις</em></strong></span> <span class='ocrx_word' id='word_1_528' title='bbox 1216 1542 1391 1573; x_wconf 75' lang='grc' dir='ltr'><strong><em>συνεῖναι.</em></strong></span> <span class='ocrx_word' id='word_1_529' title='bbox 1441 1536 1540 1572; x_wconf 76' lang='grc' dir='ltr'><strong><em>οὕτω</em></strong></span> <span class='ocrx_word' id='word_1_530' title='bbox 1569 1550 1632 1572; x_wconf 82' lang='grc' dir='ltr'><strong>και</strong></span> <span class='ocrx_word' id='word_1_531' title='bbox 1665 1540 1745 1572; x_wconf 57' lang='grc' dir='ltr'><strong><em>Πυα-</em></strong></span> 
     </span>
     <span class='ocr_line' id='line_1_88' title="bbox 933 1581 1746 1639; baseline 0.002 -23"><span class='ocrx_word' id='word_1_532' title='bbox 933 1581 1102 1639; x_wconf 74' lang='grc' dir='ltr'><strong><em>θαγόρας</em></strong></span> <span class='ocrx_word' id='word_1_533' title='bbox 1120 1584 1156 1619; x_wconf 82' lang='grc' dir='ltr'><strong><em>λ’</em></strong></span> <span class='ocrx_word' id='word_1_534' title='bbox 1143 1597 1276 1628; x_wconf 80' lang='grc' dir='ltr'>γεται,</span> <span class='ocrx_word' id='word_1_535' title='bbox 1301 1584 1395 1628; x_wconf 85' lang='grc' dir='ltr'><strong><em>πρὸς</em></strong></span> <span class='ocrx_word' id='word_1_536' title='bbox 1412 1585 1549 1623; x_wconf 78' lang='grc' dir='ltr'><strong><em>παῖδας</em></strong></span> <span class='ocrx_word' id='word_1_537' title='bbox 1568 1582 1746 1626; x_wconf 66' lang='grc' dir='ltr'>ἀξιωθεὶς</span> 
     </span>
     <span class='ocr_line' id='line_1_89' title="bbox 931 1628 1744 1675; baseline 0 -11"><span class='ocrx_word' id='word_1_538' title='bbox 931 1629 1162 1674; x_wconf 81' lang='grc' dir='ltr'>ποιήσασθαι</span> <span class='ocrx_word' id='word_1_539' title='bbox 1179 1630 1325 1675; x_wconf 77' lang='grc' dir='ltr'><strong><em>λόγους,</em></strong></span> <span class='ocrx_word' id='word_1_540' title='bbox 1350 1631 1542 1665; x_wconf 78' lang='grc' dir='ltr'>διαθεῖναι</span> <span class='ocrx_word' id='word_1_541' title='bbox 1563 1628 1658 1673; x_wconf 74' lang='grc' dir='ltr'><strong><em>πρὸς</em></strong></span> <span class='ocrx_word' id='word_1_542' title='bbox 1676 1629 1744 1664; x_wconf 83' lang='grc' dir='ltr'><strong>αύ-</strong></span> 
     </span>
     <span class='ocr_line' id='line_1_90' title="bbox 933 1675 1744 1732; baseline 0.001 -22"><span class='ocrx_word' id='word_1_543' title='bbox 933 1688 1022 1716; x_wconf 83' lang='grc' dir='ltr'><strong><em>τους</em></strong></span> <span class='ocrx_word' id='word_1_544' title='bbox 1041 1676 1175 1720; x_wconf 59' lang='grc' dir='ltr'><strong><em>λόὶους</em></strong></span> <span class='ocrx_word' id='word_1_545' title='bbox 1192 1675 1403 1718; x_wconf 84' lang='grc' dir='ltr'>παιδικοὺς,</span> <span class='ocrx_word' id='word_1_546' title='bbox 1427 1689 1490 1711; x_wconf 85' lang='grc' dir='ltr'>κοιι</span> <span class='ocrx_word' id='word_1_547' title='bbox 1505 1675 1599 1719; x_wconf 82' lang='grc' dir='ltr'><strong><em>πρὸς</em></strong></span> <span class='ocrx_word' id='word_1_548' title='bbox 1616 1679 1744 1732; x_wconf 79' lang='grc' dir='ltr'><strong><em>γυναῖ-</em></strong></span> 
     </span>
     <span class='ocr_line' id='line_1_91' title="bbox 932 1721 1742 1778; baseline 0.001 -22"><span class='ocrx_word' id='word_1_549' title='bbox 932 1735 1000 1762; x_wconf 84' lang='grc' dir='ltr'><strong>κας</strong></span> <span class='ocrx_word' id='word_1_550' title='bbox 1028 1725 1196 1766; x_wconf 78' lang='grc' dir='ltr'><strong><em>γυναιξὶν</em></strong></span> <span class='ocrx_word' id='word_1_551' title='bbox 1221 1721 1446 1778; x_wconf 82' lang='grc' dir='ltr'><strong><em>αρμοδίους,</em></strong></span> <span class='ocrx_word' id='word_1_552' title='bbox 1482 1723 1545 1757; x_wconf 86' lang='grc' dir='ltr'><strong>καὶ</strong></span> <span class='ocrx_word' id='word_1_553' title='bbox 1565 1722 1656 1765; x_wconf 85' lang='grc' dir='ltr'><strong><em>πρὸς</em></strong></span> <span class='ocrx_word' id='word_1_554' title='bbox 1677 1737 1742 1767; x_wconf 86' lang='grc' dir='ltr'><strong>αρ-</strong></span> 
     </span>
     <span class='ocr_line' id='line_1_92' title="bbox 932 1767 1744 1827; baseline 0.001 -25"><span class='ocrx_word' id='word_1_555' title='bbox 932 1782 1064 1813; x_wconf 79' lang='grc' dir='ltr'><strong><em>χοντας</em></strong></span> <span class='ocrx_word' id='word_1_556' title='bbox 1090 1767 1352 1814; x_wconf 77' lang='grc' dir='ltr'><strong><em>ἄρχοντικους,</em></strong></span> <span class='ocrx_word' id='word_1_557' title='bbox 1374 1769 1437 1804; x_wconf 84' lang='grc' dir='ltr'><strong>καὶ</strong></span> <span class='ocrx_word' id='word_1_558' title='bbox 1459 1768 1554 1827; x_wconf 81' lang='grc' dir='ltr'><strong><em>πρὸς</em></strong></span> <span class='ocrx_word' id='word_1_559' title='bbox 1579 1767 1744 1826; x_wconf 71' lang='grc' dir='ltr'><strong>ιἐφήβους</strong></span> 
     </span>
     <span class='ocr_line' id='line_1_93' title="bbox 933 1814 1743 1861; baseline 0 -10"><span class='ocrx_word' id='word_1_560' title='bbox 933 1816 1148 1861; x_wconf 79' lang='grc' dir='ltr'>ἐφηβικούς.</span> <span class='ocrx_word' id='word_1_561' title='bbox 1172 1836 1215 1841; x_wconf 90' lang='grc'>-</span> <span class='ocrx_word' id='word_1_562' title='bbox 1239 1815 1376 1858; x_wconf 81' lang='grc' dir='ltr'><strong><em>τρόπος</em></strong></span> <span class='ocrx_word' id='word_1_563' title='bbox 1402 1814 1470 1859; x_wconf 75' lang='grc' dir='ltr'><strong>μὲν</strong></span> <span class='ocrx_word' id='word_1_564' title='bbox 1497 1828 1568 1850; x_wconf 88' lang='grc' dir='ltr'><strong>ουν</strong></span> <span class='ocrx_word' id='word_1_565' title='bbox 1595 1814 1639 1850; x_wconf 89' lang='grc' dir='ltr'><strong>τὸ</strong></span> <span class='ocrx_word' id='word_1_566' title='bbox 1671 1829 1743 1851; x_wconf 85' lang='grc' dir='ltr'><strong>πα-</strong></span> 
     </span>
     <span class='ocr_line' id='line_1_94' title="bbox 932 1860 1742 1908; baseline 0 -11"><span class='ocrx_word' id='word_1_567' title='bbox 932 1864 1130 1906; x_wconf 79' lang='grc' dir='ltr'><strong><em>λίμβολον,</em></strong></span> <span class='ocrx_word' id='word_1_568' title='bbox 1166 1862 1208 1898; x_wconf 86' lang='grc' dir='ltr'><strong>τό</strong></span> <span class='ocrx_word' id='word_1_569' title='bbox 1240 1865 1309 1899; x_wconf 84' lang='grc' dir='ltr'><strong><em>τοῦ</em></strong></span> <span class='ocrx_word' id='word_1_570' title='bbox 1337 1860 1461 1905; x_wconf 82' lang='grc' dir='ltr'><strong><em>ἤθους</em></strong></span> <span class='ocrx_word' id='word_1_571' title='bbox 1488 1861 1742 1908; x_wconf 76' lang='grc' dir='ltr'><strong><em>πολυμετάβο-</em></strong></span> 
     </span>
     <span class='ocr_line' id='line_1_95' title="bbox 932 1908 1744 1964; baseline 0.001 -21"><span class='ocrx_word' id='word_1_572' title='bbox 932 1913 1009 1944; x_wconf 87' lang='grc' dir='ltr'><strong><em>λον.</em></strong></span> <span class='ocrx_word' id='word_1_573' title='bbox 1045 1928 1090 1933; x_wconf 88' lang='grc'>-</span> <span class='ocrx_word' id='word_1_574' title='bbox 1125 1909 1328 1949; x_wconf 81' lang='lat' dir='ltr'><strong>„Maximus</strong></span> <span class='ocrx_word' id='word_1_575' title='bbox 1357 1909 1486 1964; x_wconf 82' lang='lat' dir='ltr'><strong>Tyrius</strong></span> <span class='ocrx_word' id='word_1_576' title='bbox 1517 1908 1655 1942; x_wconf 80' lang='lat' dir='ltr'><strong>dissert.</strong></span> <span class='ocrx_word' id='word_1_577' title='bbox 1685 1911 1744 1944; x_wconf 87' lang='lat'><strong>16.</strong></span> 
     </span>
     <span class='ocr_line' id='line_1_96' title="bbox 933 1951 1741 2001; baseline 0.001 -13"><span class='ocrx_word' id='word_1_578' title='bbox 933 1961 1041 1989; x_wconf 54' lang='lat' dir='ltr'><strong>extra</strong></span> <span class='ocrx_word' id='word_1_579' title='bbox 1075 1952 1190 1990; x_wconf 76' lang='grc' dir='ltr'><strong><em>αὐτόν</em></strong></span> <span class='ocrx_word' id='word_1_580' title='bbox 1215 1969 1255 2001; x_wconf 78' lang='grc' dir='ltr'><strong>γε</strong></span> <span class='ocrx_word' id='word_1_581' title='bbox 1280 1954 1355 1999; x_wconf 80' lang='grc' dir='ltr'><strong>μὴν</strong></span> <span class='ocrx_word' id='word_1_582' title='bbox 1381 1954 1447 1990; x_wconf 80' lang='grc' dir='ltr'><strong>τὸν</strong></span> <span class='ocrx_word' id='word_1_583' title='bbox 1470 1951 1649 1991; x_wconf 84' lang='grc' dir='ltr'><strong><em>Ὀδυσσέα</em></strong></span> <span class='ocrx_word' id='word_1_584' title='bbox 1675 1951 1741 1999; x_wconf 74' lang='grc' dir='ltr'><strong><em>οὔχ</em></strong></span> 
     </span>
     <span class='ocr_line' id='line_1_97' title="bbox 932 1997 1741 2046; baseline -0.001 -9"><span class='ocrx_word' id='word_1_585' title='bbox 932 1997 1041 2046; x_wconf 68' lang='grc' dir='ltr'><strong><em>ὁρᾷς,</em></strong></span> <span class='ocrx_word' id='word_1_586' title='bbox 1075 1999 1144 2044; x_wconf 82' lang='grc' dir='ltr'><strong>ὡς,</strong></span> <span class='ocrx_word' id='word_1_587' title='bbox 1175 2004 1372 2042; x_wconf 83' lang='grc' dir='ltr'><strong><em>παντοίαις</em></strong></span> <span class='ocrx_word' id='word_1_588' title='bbox 1402 2004 1613 2045; x_wconf 83' lang='grc' dir='ltr'><strong><em>συμφοραῖς</em></strong></span> <span class='ocrx_word' id='word_1_589' title='bbox 1637 1999 1741 2036; x_wconf 77' lang='grc' dir='ltr'><strong><em>ἅντι-</em></strong></span> 
     </span>
     <span class='ocr_line' id='line_1_98' title="bbox 930 2044 1742 2103; baseline -0.001 -21"><span class='ocrx_word' id='word_1_590' title='bbox 930 2047 1152 2092; x_wconf 69' lang='grc' dir='ltr'><strong><em>τεχνώμενος</em></strong></span> <span class='ocrx_word' id='word_1_591' title='bbox 1169 2046 1294 2103; x_wconf 46' lang='grc' dir='ltr'><strong>οἷρετῇ.9</strong></span> <span class='ocrx_word' id='word_1_592' title='bbox 1319 2047 1422 2090; x_wconf 74' lang='grc' dir='ltr'>σώζει</span> <span class='ocrx_word' id='word_1_593' title='bbox 1438 2047 1499 2082; x_wconf 86' lang='grc' dir='ltr'><strong>καὶ</strong></span> <span class='ocrx_word' id='word_1_594' title='bbox 1517 2047 1558 2083; x_wconf 83' lang='grc' dir='ltr'><strong>τὸ</strong></span> <span class='ocrx_word' id='word_1_595' title='bbox 1578 2044 1634 2082; x_wconf 84' lang='grc' dir='ltr'><strong>δι’</strong></span> <span class='ocrx_word' id='word_1_596' title='bbox 1652 2045 1742 2082; x_wconf 83' lang='grc' dir='ltr'><strong><em>ἐκεί-</em></strong></span> 
     </span>
     <span class='ocr_line' id='line_1_99' title="bbox 930 2093 1742 2140; baseline -0.001 -11"><span class='ocrx_word' id='word_1_597' title='bbox 930 2108 1000 2138; x_wconf 83' lang='grc' dir='ltr'><strong>νην</strong></span> <span class='ocrx_word' id='word_1_598' title='bbox 1025 2093 1192 2137; x_wconf 74' lang='grc' dir='ltr'><strong><em>θάρσοςς</em></strong></span> <span class='ocrx_word' id='word_1_599' title='bbox 1222 2095 1336 2131; x_wconf 85' lang='grc' dir='ltr'><strong><em>τοῦτο</em></strong></span> <span class='ocrx_word' id='word_1_600' title='bbox 1356 2093 1458 2140; x_wconf 84' lang='grc' dir='ltr'><strong><em>αύτῷ</em></strong></span> <span class='ocrx_word' id='word_1_601' title='bbox 1476 2093 1518 2129; x_wconf 82' lang='grc' dir='ltr'><strong>τό</strong></span> <span class='ocrx_word' id='word_1_602' title='bbox 1542 2093 1581 2129; x_wconf 81' lang='grc' dir='ltr'><strong>ἐκ</strong></span> <span class='ocrx_word' id='word_1_603' title='bbox 1604 2094 1742 2138; x_wconf 80' lang='grc' dir='ltr'><strong><em>Κίρκης</em></strong></span> 
     </span>
     <span class='ocr_line' id='line_1_100' title="bbox 930 2130 1740 2196; baseline -0.001 -21"><span class='ocrx_word' id='word_1_604' title='bbox 930 2143 1058 2185; x_wconf 81' lang='grc' dir='ltr'><strong><em>μῶλυ,</em></strong></span> <span class='ocrx_word' id='word_1_605' title='bbox 1082 2143 1194 2177; x_wconf 78' lang='grc' dir='ltr'><strong><em>τοῦτο</em></strong></span> <span class='ocrx_word' id='word_1_606' title='bbox 1213 2139 1256 2177; x_wconf 81' lang='grc' dir='ltr'><strong>τό</strong></span> <span class='ocrx_word' id='word_1_607' title='bbox 1283 2140 1320 2177; x_wconf 76' lang='grc' dir='ltr'><strong>ἐν</strong></span> <span class='ocrx_word' id='word_1_608' title='bbox 1335 2130 1502 2186; x_wconf 56' lang='grc' dir='ltr'><strong><em>θαλάττῃ</em></strong></span> <span class='ocrx_word' id='word_1_609' title='bbox 1519 2138 1740 2196; x_wconf 82' lang='grc' dir='ltr'><strong><em>κρήδεμνον,</em></strong></span> 
     </span>
     <span class='ocr_line' id='line_1_101' title="bbox 930 2184 1740 2244; baseline -0.005 -21"><span class='ocrx_word' id='word_1_610' title='bbox 930 2188 1044 2223; x_wconf 82' lang='grc' dir='ltr'><strong><em>τοῦτο</em></strong></span> <span class='ocrx_word' id='word_1_611' title='bbox 1069 2189 1142 2222; x_wconf 76' lang='grc' dir='ltr'><strong>τῶν</strong></span> <span class='ocrx_word' id='word_1_612' title='bbox 1170 2188 1405 2233; x_wconf 84' lang='grc' dir='ltr'><strong><em>Πολυφήμον</em></strong></span> <span class='ocrx_word' id='word_1_613' title='bbox 1423 2187 1562 2244; x_wconf 78' lang='grc' dir='ltr'><strong><em>χειρῶν</em></strong></span> <span class='ocrx_word' id='word_1_614' title='bbox 1587 2185 1653 2222; x_wconf 83' lang='grc' dir='ltr'><strong>τὸν</strong></span> <span class='ocrx_word' id='word_1_615' title='bbox 1675 2184 1740 2221; x_wconf 76' lang='grc' dir='ltr'><strong>ἅν-</strong></span> 
     </span>
     <span class='ocr_line' id='line_1_102' title="bbox 931 2231 1740 2280; baseline -0.005 -11"><span class='ocrx_word' id='word_1_616' title='bbox 931 2236 1003 2279; x_wconf 83' lang='grc' dir='ltr'>δροι</span> <span class='ocrx_word' id='word_1_617' title='bbox 1028 2232 1168 2278; x_wconf 80' lang='grc' dir='ltr'>ἐξαγει,</span> <span class='ocrx_word' id='word_1_618' title='bbox 1199 2237 1312 2270; x_wconf 83' lang='grc' dir='ltr'><strong><em>τοῦτο</em></strong></span> <span class='ocrx_word' id='word_1_619' title='bbox 1340 2233 1379 2277; x_wconf 77' lang='grc' dir='ltr'><strong>ἐξ</strong></span> <span class='ocrx_word' id='word_1_620' title='bbox 1408 2231 1506 2280; x_wconf 70' lang='grc' dir='ltr'><strong><em>ἅδον</em></strong></span> <span class='ocrx_word' id='word_1_621' title='bbox 1531 2231 1659 2276; x_wconf 67' lang='lat' dir='ltr'><strong>avoiyn</strong></span> <span class='ocrx_word' id='word_1_622' title='bbox 1674 2237 1740 2268; x_wconf 83' lang='lat' dir='ltr'><strong>etc.</strong></span> 
     </span>
     <span class='ocr_line' id='line_1_103' title="bbox 929 2277 1739 2320; baseline -0.004 -6"><span class='ocrx_word' id='word_1_623' title='bbox 929 2282 1093 2314; x_wconf 88' lang='lat' dir='ltr'><strong>Budaeus</strong></span> <span class='ocrx_word' id='word_1_624' title='bbox 1120 2281 1163 2314; x_wconf 90' lang='lat' dir='ltr'><strong>de</strong></span> <span class='ocrx_word' id='word_1_625' title='bbox 1191 2284 1276 2316; x_wconf 89' lang='lat' dir='ltr'><strong>Asse</strong></span> <span class='ocrx_word' id='word_1_626' title='bbox 1303 2280 1362 2314; x_wconf 90' lang='lat' dir='ltr'><strong>lib.</strong></span> <span class='ocrx_word' id='word_1_627' title='bbox 1393 2281 1444 2314; x_wconf 84' lang='lat'><strong>5.:</strong></span> <span class='ocrx_word' id='word_1_628' title='bbox 1481 2284 1559 2320; x_wconf 89' lang='lat' dir='ltr'><strong>„ut</strong></span> <span class='ocrx_word' id='word_1_629' title='bbox 1592 2278 1650 2312; x_wconf 87' lang='lat' dir='ltr'><strong>ille</strong></span> <span class='ocrx_word' id='word_1_630' title='bbox 1686 2277 1739 2312; x_wconf 87' lang='lat' dir='ltr'><strong>vit</strong></span> 
     </span>
    </p>
   </div>
   <div class='ocr_carea' id='block_1_9' title="bbox 928 2325 1801 2416">
    <p class='ocr_par' dir='ltr' id='par_1_9' title="bbox 928 2325 1801 2416">
     <span class='ocr_line' id='line_1_104' title="bbox 928 2325 1801 2381; baseline -0.002 -21"><span class='ocrx_word' id='word_1_631' title='bbox 928 2327 1056 2361; x_wconf 79' lang='lat' dir='ltr'><strong>heroici</strong></span> <span class='ocrx_word' id='word_1_632' title='bbox 1082 2327 1222 2372; x_wconf 64' lang='lat' dir='ltr'><strong>spiritus</strong></span> <span class='ocrx_word' id='word_1_633' title='bbox 1253 2331 1288 2361; x_wconf 88' lang='lat' dir='ltr'><strong>et·</strong></span> <span class='ocrx_word' id='word_1_634' title='bbox 1312 2327 1514 2381; x_wconf 56' lang='lat' dir='ltr'><strong>polytropuf</strong></span> <span class='ocrx_word' id='word_1_635' title='bbox 1525 2326 1568 2359; x_wconf 83' lang='lat' dir='ltr'><strong>ab</strong></span> <span class='ocrx_word' id='word_1_636' title='bbox 1590 2325 1739 2358; x_wconf 88' lang='lat' dir='ltr'><strong>Homero</strong></span> <span class='ocrx_word' id='word_1_637' title='bbox 1798 2345 1801 2367; x_wconf 50' lang='grc' dir='ltr'>ς</span> 
     </span>
     <span class='ocr_line' id='line_1_105' title="bbox 928 2371 1800 2416; baseline -0.002 -10"><span class='ocrx_word' id='word_1_638' title='bbox 928 2373 1060 2416; x_wconf 85' lang='lat' dir='ltr'><strong>dictus,</strong></span> <span class='ocrx_word' id='word_1_639' title='bbox 1084 2373 1106 2406; x_wconf 91' lang='lat' dir='ltr'><strong>i.</strong></span> <span class='ocrx_word' id='word_1_640' title='bbox 1131 2371 1630 2416; x_wconf 80' lang='lat' dir='ltr'><strong>e.1uult1far1a1ngenudote</strong></span> <span class='ocrx_word' id='word_1_641' title='bbox 1655 2371 1739 2404; x_wconf 90' lang='lat' dir='ltr'><strong>mul·</strong></span> <span class='ocrx_word' id='word_1_642' title='bbox 1798 2375 1800 2377; x_wconf 86' lang='grc'><strong>’</strong></span> 
     </span>
    </p>
   </div>
   <div class='ocr_carea' id='block_1_10' title="bbox 1512 2416 1739 2461">
    <p class='ocr_par' dir='ltr' id='par_1_10' title="bbox 1512 2416 1739 2461">
     <span class='ocr_line' id='line_1_106' title="bbox 1512 2416 1739 2461; baseline 0.004 -12"><span class='ocrx_word' id='word_1_643' title='bbox 1512 2416 1739 2461; x_wconf 81' lang='lat' dir='ltr'><strong>versatilique</strong></span> 
     </span>
    </p>
   </div>
   <div class='ocr_carea' id='block_1_11' title="bbox 927 2418 1739 2504">
    <p class='ocr_par' dir='ltr' id='par_1_11' title="bbox 927 2418 1726 2496">
     <span class='ocr_line' id='line_1_107' title="bbox 927 2418 1463 2464; baseline 0.002 -13"><span class='ocrx_word' id='word_1_644' title='bbox 927 2418 1038 2464; x_wconf 87' lang='lat' dir='ltr'><strong>tiplici</strong></span> <span class='ocrx_word' id='word_1_645' title='bbox 1079 2430 1205 2453; x_wconf 90' lang='lat' dir='ltr'><strong>morum</strong></span> <span class='ocrx_word' id='word_1_646' title='bbox 1245 2418 1463 2462; x_wconf 84' lang='lat' dir='ltr'><strong>cognitione,</strong></span> 
     </span>
     <span class='ocr_line' id='line_1_108' title="bbox 1489 2463 1739 2504; baseline 0 -8"><span class='ocrx_word' id='word_1_647' title='bbox 1489 2463 1564 2496; x_wconf 90' lang='lat' dir='ltr'><strong>Cic.</strong></span> <span class='ocrx_word' id='word_1_648' title='bbox 1586 2464 1686 2498; x_wconf 82' lang='lat' dir='ltr'><strong>Orat.</strong></span> <span class='ocrx_word' id='word_1_649' title='bbox 1704 2464 1739 2504; x_wconf 76' lang='lat'><strong>2,</strong></span> 
     </span>
    </p>
   </div>
   <div class='ocr_carea' id='block_1_12' title="bbox 927 2465 1440 2519">
    <p class='ocr_par' dir='ltr' id='par_1_12' title="bbox 927 2465 1440 2519">
     <span class='ocr_line' id='line_1_109' title="bbox 927 2465 1440 2519; baseline -0.004 -21"><span class='ocrx_word' id='word_1_650' title='bbox 927 2465 1069 2499; x_wconf 86' lang='lat' dir='ltr'><strong>solertia</strong></span> <span class='ocrx_word' id='word_1_651' title='bbox 1086 2465 1310 2519; x_wconf 88' lang='lat' dir='ltr'><strong>praeditus.“</strong></span> <span class='ocrx_word' id='word_1_652' title='bbox 1337 2465 1369 2498; x_wconf 80' lang='lat' dir='ltr'><strong><em>E</em></strong></span> <span class='ocrx_word' id='word_1_653' title='bbox 1390 2465 1440 2497; x_wconf 81' lang='lat' dir='ltr'><strong>Gt.</strong></span> 
     </span>
    </p>
   </div>
   <div class='ocr_carea' id='block_1_13' title="bbox 927 2512 1799 2564">
    <p class='ocr_par' dir='ltr' id='par_1_13' title="bbox 927 2512 1799 2564">
     <span class='ocr_line' id='line_1_110' title="bbox 927 2512 1799 2564; baseline -0.003 -20"><span class='ocrx_word' id='word_1_654' title='bbox 927 2513 1006 2545; x_wconf 39' lang='lat'><strong>20³</strong></span> <span class='ocrx_word' id='word_1_655' title='bbox 1034 2512 1170 2544; x_wconf 84' lang='lat' dir='ltr'><strong>animus</strong></span> <span class='ocrx_word' id='word_1_656' title='bbox 1190 2522 1288 2550; x_wconf 82' lang='lat' dir='ltr'><strong>acer,</strong></span> <span class='ocrx_word' id='word_1_657' title='bbox 1313 2515 1344 2544; x_wconf 83' lang='lat' dir='ltr'><strong>et</strong></span> <span class='ocrx_word' id='word_1_658' title='bbox 1359 2520 1541 2564; x_wconf 58' lang='lat' dir='ltr'><strong>praeseus,</strong></span> <span class='ocrx_word' id='word_1_659' title='bbox 1568 2513 1601 2542; x_wconf 86' lang='lat' dir='ltr'><strong>et</strong></span> <span class='ocrx_word' id='word_1_660' title='bbox 1617 2513 1740 2542; x_wconf 76' lang='lat' dir='ltr'><strong>acutus</strong></span> <span class='ocrx_word' id='word_1_661' title='bbox 1796 2523 1799 2551; x_wconf 70' lang='lat'><em>3</em></span> 
     </span>
    </p>
   </div>
   <div class='ocr_carea' id='block_1_14' title="bbox 928 2555 1741 3017">
    <p class='ocr_par' dir='ltr' id='par_1_14' title="bbox 928 2555 1741 3017">
     <span class='ocr_line' id='line_1_111' title="bbox 928 2555 1736 2601; baseline -0.004 -11"><span class='ocrx_word' id='word_1_662' title='bbox 928 2558 1020 2590; x_wconf 82' lang='lat' dir='ltr'><strong>idem</strong></span> <span class='ocrx_word' id='word_1_663' title='bbox 1042 2563 1147 2601; x_wconf 77' lang='lat' dir='ltr'><strong>atquc</strong></span> <span class='ocrx_word' id='word_1_664' title='bbox 1170 2561 1347 2596; x_wconf 59' lang='lat' dir='ltr'><strong>xersutus,</strong></span> <span class='ocrx_word' id='word_1_665' title='bbox 1379 2556 1522 2589; x_wconf 78' lang='lat' dir='ltr'><strong>invictos</strong></span> <span class='ocrx_word' id='word_1_666' title='bbox 1544 2556 1634 2588; x_wconf 77' lang='lat' dir='ltr'><strong>viros</strong></span> <span class='ocrx_word' id='word_1_667' title='bbox 1660 2555 1736 2597; x_wconf 79' lang='lat' dir='ltr'><strong>effi-</strong></span> 
     </span>
     <span class='ocr_line' id='line_1_112' title="bbox 929 2600 1737 2647; baseline -0.005 -11"><span class='ocrx_word' id='word_1_668' title='bbox 929 2604 986 2636; x_wconf 83' lang='lat' dir='ltr'><strong>cit.</strong></span> <span class='ocrx_word' id='word_1_669' title='bbox 1035 2611 1088 2637; x_wconf 87' lang='lat' dir='ltr'><strong>est</strong></span> <span class='ocrx_word' id='word_1_670' title='bbox 1113 2602 1223 2647; x_wconf 81' lang='lat' dir='ltr'><strong>igitur</strong></span> <span class='ocrx_word' id='word_1_671' title='bbox 1250 2601 1291 2637; x_wconf 84' lang='grc' dir='ltr'><strong>τὸ</strong></span> <span class='ocrx_word' id='word_1_672' title='bbox 1318 2600 1553 2646; x_wconf 81' lang='grc' dir='ltr'><strong><em>πολύτροπον</em></strong></span> <span class='ocrx_word' id='word_1_673' title='bbox 1579 2611 1658 2645; x_wconf 89' lang='lat' dir='ltr'><strong>pars</strong></span> <span class='ocrx_word' id='word_1_674' title='bbox 1683 2610 1737 2632; x_wconf 87' lang='lat' dir='ltr'><strong>sa-</strong></span> 
     </span>
     <span class='ocr_line' id='line_1_113' title="bbox 928 2645 1737 2693; baseline -0.005 -12"><span class='ocrx_word' id='word_1_675' title='bbox 928 2649 1100 2693; x_wconf 85' lang='lat' dir='ltr'><strong>pientiae,</strong></span> <span class='ocrx_word' id='word_1_676' title='bbox 1131 2661 1199 2693; x_wconf 87' lang='lat' dir='ltr'><strong>qna</strong></span> <span class='ocrx_word' id='word_1_677' title='bbox 1224 2648 1402 2687; x_wconf 88' lang='lat' dir='ltr'><strong>excelluit,</strong></span> <span class='ocrx_word' id='word_1_678' title='bbox 1427 2652 1464 2682; x_wconf 91' lang='lat' dir='ltr'><strong>ut</strong></span> <span class='ocrx_word' id='word_1_679' title='bbox 1490 2647 1582 2681; x_wconf 81' lang='lat' dir='ltr'><strong>nulla</strong></span> <span class='ocrx_word' id='word_1_680' title='bbox 1601 2657 1637 2679; x_wconf 94' lang='lat' dir='ltr'><strong>re</strong></span> <span class='ocrx_word' id='word_1_681' title='bbox 1658 2645 1737 2686; x_wconf 71' lang='lat' dir='ltr'><strong>alia,</strong></span> 
     </span>
     <span class='ocr_line' id='line_1_114' title="bbox 931 2693 1737 2744; baseline -0.006 -16"><span class='ocrx_word' id='word_1_682' title='bbox 931 2696 1094 2739; x_wconf 75' lang='grc' dir='ltr'>ΗΙ)55ε5-,</span> <span class='ocrx_word' id='word_1_683' title='bbox 1126 2695 1246 2728; x_wconf 86' lang='lat' dir='ltr'><strong>solitus</strong></span> <span class='ocrx_word' id='word_1_684' title='bbox 1273 2694 1331 2727; x_wconf 85' lang='lat' dir='ltr'><strong>illc</strong></span> <span class='ocrx_word' id='word_1_685' title='bbox 1361 2693 1527 2739; x_wconf 81' lang='lat' dir='ltr'><strong>appellari</strong></span> <span class='ocrx_word' id='word_1_686' title='bbox 1554 2695 1737 2744; x_wconf 82' lang='lat' dir='ltr'><strong>propterea</strong></span> 
     </span>
     <span class='ocr_line' id='line_1_115' title="bbox 929 2735 1737 2784; baseline -0.006 -9"><span class='ocrx_word' id='word_1_687' title='bbox 929 2741 1031 2775; x_wconf 87' lang='lat' dir='ltr'><strong>simili</strong></span> <span class='ocrx_word' id='word_1_688' title='bbox 1066 2752 1166 2774; x_wconf 82' lang='lat' dir='ltr'><strong>sensu</strong></span> <span class='ocrx_word' id='word_1_689' title='bbox 1201 2739 1429 2784; x_wconf 76' lang='grc' dir='ltr'><strong><em>πολύμητις,</em></strong></span> <span class='ocrx_word' id='word_1_690' title='bbox 1469 2735 1737 2781; x_wconf 83' lang='grc' dir='ltr'>ποικιλόμητις,</span> 
     </span>
     <span class='ocr_line' id='line_1_116' title="bbox 929 2784 1737 2831; baseline -0.004 -10"><span class='ocrx_word' id='word_1_691' title='bbox 929 2788 1041 2831; x_wconf 85' lang='grc' dir='ltr'><strong><em>μῆτιν</em></strong></span> <span class='ocrx_word' id='word_1_692' title='bbox 1070 2786 1135 2821; x_wconf 79' lang='grc' dir='ltr'>Διὶ·</span> <span class='ocrx_word' id='word_1_693' title='bbox 1159 2784 1384 2827; x_wconf 73' lang='grc' dir='ltr'><strong><em>ἀτάλαντος,</em></strong></span> <span class='ocrx_word' id='word_1_694' title='bbox 1414 2785 1638 2827; x_wconf 84' lang='grc' dir='ltr'><strong><em>πολύφρων,</em></strong></span> <span class='ocrx_word' id='word_1_695' title='bbox 1672 2795 1737 2816; x_wconf 86' lang='grc' dir='ltr'><strong>πο-</strong></span> 
     </span>
     <span class='ocr_line' id='line_1_117' title="bbox 931 2828 1739 2878; baseline -0.006 -10"><span class='ocrx_word' id='word_1_696' title='bbox 931 2833 1151 2878; x_wconf 77' lang='grc' dir='ltr'><strong><em>λυμήχανος.</em></strong></span> <span class='ocrx_word' id='word_1_697' title='bbox 1186 2834 1344 2868; x_wconf 82' lang='lat' dir='ltr'><strong>Minerva</strong></span> <span class='ocrx_word' id='word_1_698' title='bbox 1363 2830 1406 2873; x_wconf 82' lang='lat' dir='ltr'><strong>v&#39;,</strong></span> <span class='ocrx_word' id='word_1_699' title='bbox 1422 2833 1502 2867; x_wconf 76' lang='grc'><strong>291.</strong></span> <span class='ocrx_word' id='word_1_700' title='bbox 1514 2843 1523 2864; x_wconf 75' lang='lat' dir='ltr'><strong>t</strong></span> <span class='ocrx_word' id='word_1_701' title='bbox 1548 2828 1739 2872; x_wconf 72' lang='grc' dir='ltr'><strong><em>κερδαλέος</em></strong></span> 
     </span>
     <span class='ocr_line' id='line_1_118' title="bbox 931 2875 1741 2935; baseline -0.005 -22"><span class='ocrx_word' id='word_1_702' title='bbox 931 2879 969 2913; x_wconf 85' lang='grc' dir='ltr'><strong>κ’</strong></span> <span class='ocrx_word' id='word_1_703' title='bbox 998 2880 1063 2935; x_wconf 79' lang='grc' dir='ltr'><strong>εἴη</strong></span> <span class='ocrx_word' id='word_1_704' title='bbox 1082 2879 1141 2914; x_wconf 83' lang='grc' dir='ltr'><strong>καὶ</strong></span> <span class='ocrx_word' id='word_1_705' title='bbox 1175 2879 1389 2919; x_wconf 80' lang='grc' dir='ltr'><strong><em>ἐπίκλοπος,</em></strong></span> <span class='ocrx_word' id='word_1_706' title='bbox 1425 2875 1467 2917; x_wconf 79' lang='grc' dir='ltr'><strong>ὅς</strong></span> <span class='ocrx_word' id='word_1_707' title='bbox 1495 2888 1532 2911; x_wconf 82' lang='grc' dir='ltr'><strong>σε</strong></span> <span class='ocrx_word' id='word_1_708' title='bbox 1558 2876 1741 2930; x_wconf 77' lang='grc' dir='ltr'><strong><em>παρέλθοι</em></strong></span> 
     </span>
     <span class='ocr_line' id='line_1_119' title="bbox 929 2919 1741 2966; baseline -0.008 -4.947"><span class='ocrx_word' id='word_1_709' title='bbox 929 2925 991 2961; x_wconf 86' lang='grc' dir='ltr'><strong>Ἐν</strong></span> <span class='ocrx_word' id='word_1_710' title='bbox 1011 2924 1184 2961; x_wconf 79' lang='grc' dir='ltr'><strong><em>πάντεσσι</em></strong></span> <span class='ocrx_word' id='word_1_711' title='bbox 1202 2925 1354 2966; x_wconf 79' lang='grc' dir='ltr'>δόλοισι,</span> <span class='ocrx_word' id='word_1_712' title='bbox 1374 2923 1434 2958; x_wconf 77' lang='grc' dir='ltr'><strong>καὶ</strong></span> <span class='ocrx_word' id='word_1_713' title='bbox 1457 2924 1491 2957; x_wconf 72' lang='grc' dir='ltr'><strong>εἰ</strong></span> <span class='ocrx_word' id='word_1_714' title='bbox 1505 2921 1596 2962; x_wconf 72' lang='grc' dir='ltr'><strong>θεὸς</strong></span> <span class='ocrx_word' id='word_1_715' title='bbox 1614 2919 1741 2956; x_wconf 75' lang='grc' dir='ltr'>ἀντιά-</span> 
     </span>
     <span class='ocr_line' id='line_1_120' title="bbox 935 2962 1740 3017; baseline -0.007 -9"><span class='ocrx_word' id='word_1_716' title='bbox 935 2984 1017 3008; x_wconf 82' lang='grc' dir='ltr'>σειε</span> <span class='ocrx_word' id='word_1_717' title='bbox 1043 2971 1209 3017; x_wconf 82' lang='grc' dir='ltr'>Σχέτλιε,</span> <span class='ocrx_word' id='word_1_718' title='bbox 1234 2970 1498 3014; x_wconf 79' lang='grc' dir='ltr'>ποικιλομῆτα,</span> <span class='ocrx_word' id='word_1_719' title='bbox 1525 2967 1646 3004; x_wconf 86' lang='grc' dir='ltr'><strong><em>δόλων</em></strong></span> <span class='ocrx_word' id='word_1_720' title='bbox 1666 2962 1726 3003; x_wconf 76' lang='grc' dir='ltr'><strong>ἆτ’</strong></span> <span class='ocrx_word' id='word_1_721' title='bbox 1733 2993 1740 3009; x_wconf 90' lang='grc'>,</span> 
     </span>
    </p>
   </div>
  </div>
 </body>
</html>
