1846 3282
587 154 1164 197 ΟΔΤΣΣΕΙΑΣ
1219 157 1262 195 Ζ.

1668 156 1749 198 201

272 265 474 337 μάστιξεν
504 262 548 308 δ’
578 262 732 333 ἐλάαν·
762 263 940 333 καναχὴ
958 261 1002 306 δ’
1026 256 1099 333 ἦν
1107 260 1342 332 ἡμιόνοιῖν.

271 325 318 365 αἱ
343 321 383 365 δ’
421 320 588 390 ἄμοτον
614 318 854 373 τανύοντο.
885 320 1026 391 φέρον
1055 317 1099 362 δ’
1130 318 1313 374 ἐσθῆτα,
1343 319 1418 362 καὶ
1448 318 1602 378 αὐτήν,

274 377 357 423 ούκ
386 379 507 434 οἴην·
539 376 628 433 ἅμα
657 381 760 434 τῆγε
788 377 862 422 καὶ
891 376 1133 445 ἀμφίπολοι
1161 377 1260 419 κίον
1283 375 1423 419 ἄλλαι.

375 469 468 503 facto
493 479 602 514 opere
626 469 786 503 lavantur
808 467 888 502 illae
911 470 949 501 et
972 465 1143 511 prandent
1165 463 1202 499 in
1225 465 1303 511 ripa
1327 464 1447 507 fluvii3

187 539 242 582 85

353 537 418 579 Αἱ
448 534 493 580 6'
528 535 598 580 ὅτε
627 535 679 591 δὴ
709 539 926 593 ποταμοῖο
958 533 1082 605 ῥόον
1095 531 1343 604 περικαλλέ’
1375 534 1538 586 ι’κοντο,

272 590 371 637 ἔνθ’
403 591 501 648 ἦτοι
528 593 687 636 πλυνοὶ
715 593 829 660 ἦσαν
858 590 1108 646 ἐπηετανοὶ,
1138 588 1251 634 πολὺ
1285 588 1328 633 δ’
1359 588 1482 644 ὕδωρ

268 649 405 693 καλὸν
434 649 739 704 ὑπεκπρορέει,
768 647 897 717 μάλα
915 663 996 702 περ
1028 647 1263 702 ῥυπόωντα
1291 650 1502 715 καθῆραι,

271 704 369 749 ἕνθ’
403 705 491 775 αἵγ’
509 705 733 775 ἡμιόνους
762 704 842 759 μὲν
869 701 1230 773 ὑπεκπροέλυσαν
1260 700 1439 759 ἀπήνης.

270 763 343 805 καὶ
371 762 446 814 τὰς
474 762 554 818 μὲν
582 765 716 806 σεῦαν
745 763 945 816 ποταμὸν
973 760 1095 816 πάρα
1114 759 1360 832 δινήεντα,

186 823 242 865 90
270 817 452 890 τρώγειν
481 819 699 888 ἄγρωστιν
729 818 955 888 μελιηδέα·
978 818 1050 861 ταὶ
1083 815 1125 860 δ’
1161 814 1241 860 ἀπ’
1274 814 1442 871 ἀπήνης

270 876 423 929 εἵματα
450 875 599 946 χερσὶν
628 874 803 925 ἕλοντο,
834 875 908 918 καὶ
938 873 1154 930 ἐσφόρεον
1180 873 1329 944 μέλαν
1347 872 1501 926 ὕδωρ·

206 975 215 979 ,
270 935 457 1001 στεῖβον
473 930 517 974 δ’
549 931 596 974 ἐν
624 931 834 1002 βόθροισι
861 935 1003 982 θοῶς,
1032 931 1156 986 ἔριδα
1184 930 1505 998 προφέρουσαι.

270 987 410 1042 αὐτὰρ
439 987 529 1058 ἐπεὶ
557 989 730 1031 πλῦνάν
759 1004 826 1037 τε,
860 986 1108 1059 κάθηράν
1095 1003 1139 1031 τε
1170 985 1289 1056 ῥύπα
1317 986 1472 1038 πάντα,

268 1045 402 1100 ἑξείης
429 1044 621 1087 πέτασαν
649 1061 770 1099 παρα
799 1043 895 1087 θῖν’
926 1044 1050 1096 ἁλὸς,
1078 1046 1152 1101 ᾑχι
1178 1042 1366 1097 μάλιστα

183 1105 238 1147 95
267 1103 449 1156 λα”ιγγας
477 1103 578 1144 ποτὶ
606 1101 764 1157 χέρσον
793 1100 1092 1145 ἀποπλύνεσκε
1123 1100 1339 1144 θάλασσα.

267 1160 314 1201 αἱ
343 1158 388 1201 δὲ
416 1157 702 1212 λοεσσάμεναι
732 1158 805 1202 καὶ
833 1158 1089 1228 χρισάμεναι
1117 1157 1211 1201 λίπ’
1242 1157 1388 1211 ἐλαίῳ,

268 1217 448 1258 δεῖπνον
478 1214 620 1258 ε”πειθ
651 1216 818 1258 εἱλοντο
849 1213 957 1268 παρ’
991 1214 1176 1285 ὄχθῃσιν
1204 1217 1438 1283 ποταμοῖο,

269 1286 423 1327 ειματα
453 1269 495 1314 δ’
524 1270 687 1327 ἠελίοιο
719 1271 853 1327 μένον
881 1271 1141 1328 τερσήμεναι
1171 1269 1299 1327 αὐγῇ.

697 1365 766 1396 tum
789 1361 939 1407 sphaera
961 1362 1095 1397 ludunt.

270 1427 410 1484 αὐτὰρ
440 1429 531 1473 ἐπεὶ
561 1430 683 1474 σίτου
704 1428 911 1502 τάρφθεν
942 1431 1084 1500 δμωαί
1111 1445 1156 1473 τε
1185 1429 1260 1473 καὶ
1291 1427 1419 1483 αυτὴ,

158 1490 238 1530 100
269 1488 436 1543 σφαίρῃ
466 1486 537 1529 ταὶ
566 1486 610 1530 δ’
641 1484 716 1542 ἄρ’
749 1486 947 1540 ἔπαιζον,
979 1485 1066 1530 ἀπὸ
1096 1486 1320 1573 κρήδεμνα
1349 1485 1586 1541 βαλοῦσαι·

143 1586 306 1625 82-84.
344 1587 552 1632 καναχὴ,
577 1589 752 1632 fremitus.
788 1588 829 1622 Il.
853 1601 903 1630 π,

101 1636 166 1670 105
190 1639 256 1669 etc.
276 1653 320 1660 —
345 1637 416 1669 Am.
438 1635 499 1668 Ε.-
525 1633 700 1676 ἄμοτον
722 1635 775 1678 (v.
800 1635 840 1669 Il.
860 1634 905 1676 δ’,

98 1680 198 1724 440.)
221 1678 475 1716 τανύοντο.
505 1678 725 1725 ἀκλήρωτον
747 1679 905 1736 ἔτρεχον,

99 1729 259 1769 συνεχῶς
282 1726 471 1783 ἐφέροντο.
519 1729 592 1761 Αιιι.
618 1729 680 1762 ΒΛ
705 1725 906 1763 τανύον-

99 1785 154 1807 τ.ο
187 1771 227 1807 ἐκ
249 1775 319 1808 τοῦ
343 1775 725 1814 παρακολουθοῦντος
750 1772 908 1818 ἔτρεχον,

100 1817 149 1859 ὡς
170 1816 246 1854 ἐκεῖ
265 1818 327 1864 (γ’,
344 1819 468 1874 486.·)
492 1819 527 1854 οὶ
547 1819 587 1854 δὲ
611 1820 910 1880 πανημέριοι

101 1867 230 1900 σεῖον
257 1863 410 1908 ζυγόν.
437 1883 482 1891 ·--
513 1864 602 1901 οῦκ
626 1867 749 1910 οἱήν.
785 1867 830 1900 cf.
856 1866 902 1913 β’,

103 1913 156 1946 11.
183 1931 227 1937 --
252 1912 400 1947 αλλαι.
426 1910 475 1953 α’,
500 1913 579 1948 132.

147 1959 244 1993 86-
257 1960 315 1994 98
362 1957 463 1994 ἔνθ’
488 1954 607 2002 ἦτοι.
647 1956 743 1993 ἔνθα
768 1957 826 2001 δή.
868 1969 902 1993 v.

99 2003 204 2038 Schn.
238 2016 271 2040 v.
295 1998 379 2049 ἦτοι
403 2008 438 2038 et
462 2015 537 2039 ann.
568 2005 610 2038 ad
636 2004 675 2038 11.
699 2003 752 2046 α’,
777 2006 833 2040 68.
858 2023 903 2030 -

100 2048 355 2094 ἐπηετανοί.
372 2050 430 2086 40.
439 2070 485 2076 —-
503 2055 574 2084 Am.
585 2052 642 2084 B.:
659 2047 904 2106 ὑπεκπροέ-

101 2098 252 2131 λυσαν.
293 2096 317 2141 ἦ
351 2098 419 2141 μὲν
438 2093 570 2154 ἰὑπὲκ
606 2095 675 2141 τήν
709 2093 904 2140 οἷπόζευξιν

100 2143 224 2186 δηλοῖ,
251 2139 273 2188 ἡ
299 2142 339 2178 δὲ
363 2142 452 2199 πρὸ
473 2141 542 2188 τὴν
566 2144 617 2184 εἰς
640 2141 904 2188 τοῦμπροσθεν

100 2187 222 2224 ἔλασιν
255 2191 329 2225 τῶν
361 2186 540 2234 ἡμιόνων.
595 2190 749 2224 similiter
781 2191 826 2224 H.
868 2194 905 2224 et

100 2235 180 2269 Scb.
191 2235 455 2281 ‚disertiusque
479 2237 523 2272 E.
545 2256 591 2260 —
623 2237 792 2277 σεῦαν,
820 2247 905 2281 ege-

101 2286 202 2322 runt,
231 2283 467 2335 propulerunt.
500 2283 541 2316 11.
576 2281 630 2324 o'‚
666 2284 734 2318 680
758 2289 823 2317 etc.
858 2302 905 2307 —-

102 2323 352 2370 ἄγρωστιν.
391 2327 562 2374 interpp.
596 2340 767 2374 gramen,
804 2329 906 2362 Gras.

103 2373 244 2417 proprie
276 2374 345 2407 dici
375 2374 512 2408 videtur
541 2376 704 2419 panicum
732 2375 773 2420 (g,
764 2386 904 2409 r.er1nan

105 2419 320 2463 Fenchgrus)
343 2420 501 2463 dactylon
528 2421 628 2454 Linn.
639 2445 651 2463 ‚
681 2433 782 2476 quam
807 2421 906 2475 plan-

104 2467 171 2497 tam
176 2465 399 2520 Neograeci
431 2470 555 2501 vocant
582 2465 753 2519 ἀγριάδα
802 2467 855 2501 E:
881 2465 904 2510 ἡ

103 2507 145 2545 δε
169 2506 347 2554 ἄγρωστις
363 2511 514 2568 βοτάνη,
538 2509 585 2556 ἣν
605 2515 740 2569 αγριάν
758 2510 781 2557 ἡ
800 2513 906 2558 κοινή

102 2555 248 2614 γλῶσσά
276 2568 411 2603 φησιν,
445 2556 502 2593 ὅτι
533 2558 769 2618 μελιηδής
798 2558 906 2602 ἐστιν,

103 2600 125 2638 ὅ
147 2602 225 2638 ἐστι
246 2607 414 2647 γλυκεῖα,
439 2605 563 2647 δῆλον.
598 2605 673 2641 ε’στι
698 2605 739 2641 δὲ
763 2606 823 2641 καὶ
850 2608 907 2641 δι-

103 2649 302 2696 ουρητικὴ,
326 2664 359 2685 κ.
383 2652 543 2693 φιλεῖται
566 2655 644 2694 τοῖς
668 2649 815 2697 άλόγοις
840 2652 906 2694 ζώ-

101 2707 170 2736 οις.
208 2698 259 2740 (ν.
285 2697 489 2733 Billerbeck.
514 2697 609 2732 Flor.
637 2699 736 2734 class.
771 2711 805 2755 p.
829 2700 907 2742 21.)

101 2741 339 2787 ἐσφόρεον
364 2740 404 2777 δε
428 2739 553 2785 νδωρ
578 2742 660 2779 ἀντὶ
678 2746 748 2780 τοῦ
771 2744 907 2790 ἔφερον

101 2786 171 2823 ἔσω
205 2791 279 2823 τῶν
310 2789 473 2825 πλυνῶν.
512 2791 563 2831 (ν.
590 2801 667 2824 ann.
691 2791 735 2825 ad
759 2792 835 2835 29.)
860 2809 906 2816 --·

101 2834 466 2890 προφέρουσαι,
503 2834 757 2879 ἐπιφέρουσαι.
797 2849 830 2872 v.
863 2838 905 2871 Il.

102 2879 144 2924 γ’,
168 2883 201 2915 7.
231 2901 276 2907 -
319 2883 379 2918 Ει
413 2880 455 2916 τὸ
490 2881 615 2925 ῥύπα
648 2881 908 2927 μεταπλασμὸν

103 2926 251 2964 ἔπαθεν.
297 2928 346 2970 ὥς
370 2927 440 2984 γὰρ
468 2926 487 2964 6
514 2926 617 2984 ζυγὸς
642 2928 684 2963 τὸ
711 2929 820 2974 ζυγὸν
845 2930 907 2965 καὶ

103 2972 147 3008 τὰ
179 2988 313 3033 ομοια,
347 2987 446 3009 ουτω
477 2976 539 3010 καὶ
573 2972 592 3010 6
624 2974 740 3019 ῥύπος
770 2975 812 3011 τὸ
843 2975 907 3021 66·

102 3032 182 3056 πον.
227 3017 272 3057 οὗ
297 3020 320 3065 ἡ
343 3019 476 3057 εὖθεῐα
501 3021 603 3066 παρὰ
630 3023 832 3069 Θεοκρίτφ,
859 3036 907 3058 ει-

949 1588 1059 1625 πόντι
1094 1589 1279 1633 (Adoniaz.
1310 1588 1389 1631 20)
1430 1599 1559 1622 απαν
1594 1583 1759 1629 ῥύπον.

950 1635 1043 1678 λέγει
1063 1634 1102 1671 δὲ
1127 1634 1251 1679 ῥύπα
1275 1649 1320 1669 τα
1343 1634 1466 1679 ῥύπου
1486 1631 1695 1677 μετέχοντα.
1713 1649 1760 1657 —·

951 1682 1163 1727 λάιγγας.
1193 1680 1232 1725 ε’,
1259 1681 1338 1717 433.
1360 1700 1406 1707 -
1451 1679 1562 1714 ποτὶ
1586 1678 1760 1722 χέρσον

953 1729 1162 1774 φερομένη,
1202 1729 1300 1772 cujus
1335 1725 1432 1761 verbi
1467 1725 1561 1760 notio
1596 1724 1684 1758 inest.
1725 1723 1760 1758 in

953 1775 1217 1812 ἀποπλύνεσκε.
1258 1775 1324 1808 H.:
1351 1772 1447 1808 ὅπου
1472 1785 1567 1807 κατα
1589 1768 1657 1815 τὴν
1679 1769 1761 1815 χέρ-

955 1834 1020 1858 σον
1039 1821 1188 1867 λάιγγας
1205 1818 1414 1855 α’πέπλυνεν
1439 1815 1462 1863 ἡ
1479 1817 1665 1854 θάλασσα.
1702 1817 1761 1851 lit-

949 1877 1003 1904 tus
1027 1879 1226 1908 arenosum‚
1253 1873 1287 1900 et
1320 1877 1340 1900 a
1365 1868 1594 1910 consequente
1620 1863 1759 1906 siccum,

950 1928 1013 1950 nec
1037 1916 1204 1954 lutosum,
1229 1913 1334 1954 dicit,
1360 1912 1394 1946 in
1421 1923 1489 1957 quo
1512 1917 1627 1944 vestes
1649 1910 1758 1954 expli-

950 1973 1030 1996 care
1054 1939 1436 1995 a1nant1'0tores.ubi
1465 1957 1614 1991 ma.1ime
1643 1962 1759 1990 terrac

950 2009 1133 2051 appulsum
1167 2016 1264 2039 mare
1294 2005 1457 2038 abluebat
1481 2004 1635 2047 lapillos,
1667 2003 1701 2036 h.
1726 2015 1756 2036 c.

949 2055 1008 2088 ubi
1039 2053 1133 2088 littus
1159 2052 1303 2086 maxime
1328 2050 1453 2106 lapillis
1483 2057 1519 2084 et.
1548 2060 1653 2082 arena
1677 2060 1758 2082 con-

949 2105 1076 2134 tectum
1112 2103 1199 2133 erat.
1222 2117 1266 2121 —
1314 2108 1360 2131 αι
1394 2094 1444 2131 δε
1469 2116 1514 2121 --
1540 2094 1689 2136 ἐλαίῳ.
1726 2107 1757 2127 v.

951 2148 1030 2182 227.
1043 2165 1089 2170 -
1114 2146 1216 2178 Sch.:
1242 2141 1543 2190 τερσήμεναι.
1570 2141 1759 2186 ξηρανθῆ-

950 2206 1024 2228 ναι.
1059 2192 1097 2232 ε’,
1123 2193 1188 2226 152
1213 2197 1278 2225 etc.

997 2240 1147 2280 99,100.
1172 2234 1401 2280 τάρφθεν,
1421 2231 1675 2289 ἕτάρφθησαν.
1701 2244 1758 2265 sa-

950 2285 1062 2320 tiatae
1086 2289 1196 2318 crant.
1230 2281 1272 2324 τ’,
1298 2283 1388 2323 213,
1413 2283 1505 2323 251,
1581 2281 1672 2321 57.
1715 2279 1761 2312 cf.

990 2333 1079 2373 ,26-
1112 2349 1157 2354 -
1208 2330 1394 2373 σφαίρῃ
1430 2327 1652 2369 ἔπαιζον,
1686 2325 1761 2368 pila

952 2378 1139 2416 ludebant,
1174 2375 1231 2420 qul
1251 2375 1349 2408 ludus
1374 2385 1448 2407 cum
1473 2373 1656 2407 saltatione
1680 2383 1760 2404 con-

948 2426 1086 2468 junctus
1108 2432 1343 2475 nonnunquam
1372 2420 1456 2460 suit,
1486 2419 1580 2452 velut
1611 2416 1670 2457 θ’,
1692 2418 1762 2452 370

952 2471 1085 2504 -379.
1126 2469 1198 2512 ejus
1223 2467 1290 2501 ludi
1316 2466 1546 2500 inventionem
1564 2463 1762 2498 Nausicaae

953 2515 1076 2550 tribuit
1099 2513 1230 2558 Agallis
1260 2513 1334 2547 sive
1360 2511 1555 2556 Anagallis,
1590 2521 1762 2553 gramma·

952 2563 1024 2595 tica
1048 2562 1245 2605 Corcyraea
1270 2571 1325 2604 ap.
1351 2558 1474 2592 Athen.
1502 2555 1631 2598 1,14‚
1658 2555 1699 2589 D.
1725 2558 1762 2589 et

953 2607 1107 2641 Suidam.
1144 2617 1163 2639 a
1179 2617 1246 2649 quo
1267 2604 1344 2638 ludo
1364 2604 1524 2637 diversus
1541 2608 1595 2636 est
1611 2601 1668 2635 ille
1690 2600 1761 2635 sin-

952 2653 1127 2697 gulorum,
1159 2653 1255 2696 cujus
1279 2649 1428 2685 meminit
1452 2648 1562 2692 Apoll.
1590 2646 1759 2688 R1=0d.3.

954 2698 1168 2734 132-141.
1218 2697 1269 2730 E:
1304 2707 1435 2739 πρωτα
1463 2693 1530 2737 μὲν
1554 2692 1686 2737 ῥητέον
1711 2691 1760 2735 ὡς

952 2746 1015 2780 καὶ
1033 2743 1149 2780 πάλαι
1166 2756 1253 2779 ποτε
1268 2742 1307 2776 τὸ
1330 2743 1538 2783 σφαιρίζειν
1559 2738 1622 2774 διὰ
1644 2751 1760 2775 σπου-

953 2793 1021 2835 δῆς
1044 2791 1177 2835 ἤγετο,
1205 2787 1272 2832 ούχ
1298 2785 1443 2822 ἁπλοῦν
1467 2784 1510 2823 ὂν
1536 2783 1624 2822 ούδε
1650 2783 1758 2826 αὐτὰ,

953 2836 1044 2873 ἄλλα
1060 2834 1247 2880 ὅιαφορας
1261 2834 1355 2889 ἔχον.
1381 2834 1478 2877 (ann.
1490 2833 1533 2867 ad
1552 2834 1648 2868 115..
1675 2845 1757 2867 σκο-

952 2899 1041 2929 πητε
1028 2883 1088 2919 'ov
1113 2884 1152 2919 δὲ
1181 2883 1280 2923 εἰπερ
1306 2877 1328 2924 ἡ
1354 2880 1449 2915 κατὰ
1474 2883 1636 2922 σφαῖραν
1661 2877 1757 2924 αὕτη

952 2930 1084 2965 παιδια
1114 2928 1134 2973 ἦ
1159 2928 1334 2973 λεγομένη
1360 2925 1533 2970 ἐφετίνδα
1555 2926 1643 2962 ἐστί.
1675 2939 1755 2961 τοι-

955 2976 1050 3022 αύτη
1085 2976 1125 3011 δε
1158 2975 1299 3020 λέγεται
1331 2986 1432 3017 παρα
1463 2976 1540 3009 τοῖ
1572 2975 1756 3012 παλαιοῖς.

955 3024 1045 3059 ὅταν
1070 3021 1165 3070 ἄλλῳ
1199 3021 1479 3066 προσδείξαντες
1503 3017 1571 3064 τὴν
1596 3023 1756 3064 σφαῖραν
