1856 3282
43 533 46 559 Ι

39 579 46 671 5

37 713 41 737 Ι

33 795 38 824 1

561 118 1153 175 ΟΔΥΣΣΕΙΑΣ
1210 120 1301 158 Γ..

1681 122 1736 160 79

249 225 437 269 τουνεκα
465 228 551 269 νῦν
586 225 638 269 τοὶ
672 227 727 270 σὰ
754 225 953 298 γούναθ’
980 224 1212 279 ἱκάνομαι,
1244 227 1293 268 αι
1318 223 1361 268 κ’
1393 226 1610 285 ἐθέλῃσθα

245 284 397 326 κείνου
425 281 592 337 λυγρὸν
623 282 810 338 ὄλεθρον
837 283 1048 332 ἐνισπεῖν,
1081 284 1122 326 εἴ
1147 297 1237 325 που
1268 280 1447 334 ὄπωπας

217 337 523 394 ὀφθαλμοῖσι
550 345 737 392 τεοῖσιν,
738 339 796 409 ἦ
825 338 959 383 ἄλλου
989 343 1140 394 μῦθον
1169 337 1365 389 ἄκουσας

159 396 213 440 95
243 397 534 450 πλαζομένου·
564 395 664 450 πέρι
691 395 777 452 γάρ
809 413 884 451 μιν
896 394 1090 451 ὀϊζυρόν
1118 396 1212 438 τέκε
1241 393 1393 451 μήτηρ.

243 453 352 522 μηδὲ
380 454 422 495 τί
449 451 497 508 μ’
529 453 761 508 αἰδόμενος
790 454 1025 507 μειλίσσεο,
1057 450 1160 509 μηδ’
1187 452 1406 505 ἐλεαίρων,

246 505 344 551 ἀλλ’
379 505 430 552 εὖ
461 526 536 565 μοι
563 509 823 561 κατάλεξον,
858 508 978 559 όπως
1007 508 1202 580 ἤντησας
1227 506 1420 562 ὀπωπῆς.

249 567 474 635 λίσσομαι,
507 566 651 608 είποτέ
680 567 749 608 τοί
781 583 822 608 τι
859 565 1000 620 πατήρ
1033 565 1156 619 ἐμός,
1185 564 1342 616 ἐσθλός
1371 565 1622 616 Ὀδυσσεὺς,

246 618 275 674 ἦ
304 638 404 672 επος
432 620 481 677 ἦε
511 639 553 665 τι
582 622 713 676 ε’ργον
741 620 936 673 ὑποστας
965 623 1200 674 εξετέλεσσε

138 681 215 722 100
243 677 365 735 δήμῳ
397 679 461 722 ε’νι
478 678 683 734 Τρώων,
715 678 790 722 ὅθι
819 678 1001 734 πάσχετε
1029 676 1193 734 πήματ’
1223 675 1397 749 ᾌχαιοὶ,

216 739 334 777 *τῶν
362 739 447 778 νῦν
474 751 550 790 μοι
579 739 764 792 μνῆσαι,
795 737 871 778 καί
898 751 971 791 μοι
1002 735 1210 792 νημερτὲς
1239 734 1440 777 {mone-m

293 837 346 870 cui
371 838 503 872 Nestor
536 838 748 884 respondens
783 838 869 872 dicit
903 839 947 872 de
973 839 1075 872 rebus
1099 837 1236 872 Troicis
1271 843 1307 872 et
1331 837 1461 871 infelici
1495 837 1608 871 reditu
1635 837 1736 870 Achi-

209 893 337 918 vorum.

328 949 416 994 Τόν
445 948 489 994 δ’
519 950 710 1007 ἠμείβετ’
744 951 889 994 ε’πειτα
919 951 1135 1021 Γερήνιος
1161 951 1324 994 ἱππότα
1354 951 1562 1006 Νέστωρ·

242 1000 310 1056 ,,ὠ
339 1004 459 1062 φίλ’,
491 1008 582 1051 ἐπεί
610 1008 657 1063 μ’
690 1008 878 1064 ε’μνησας
907 1007 1163 1079 diguus-,5211
1192 1008 1239 1052 ἐν
1270 1009 1419 1065 εκείνῳ

245 1062 364 1133 δήμῳ
381 1063 632 1133 ἀνέτλημεν
661 1082 739 1120 μει
744 1082 792 1116 ος
824 1066 994 1134 ἄσχετοι
1024 1069 1116 1115 υῑες
1144 1063 1336 1119 Ἀχαιων,

132 1120 210 1163 105
238 1116 348 1174 η’μὲν
378 1120 461 1163 ὅσα
491 1121 571 1174 ξύν
600 1123 758 1178 νηυσὶν
788 1121 857 1165 ἐπ’
888 1120 1113 1177 ἠεροειδέα
1140 1122 1308 1165 πόντον

243 1177 505 1245 πλαζόμενοι
534 1179 643 1221 κατὰ
673 1177 789 1233 ληί”δ
804 1211 814 1230 ,
845 1178 932 1234 όπῃ
964 1179 1133 1230 ἄρξειεν
1159 1176 1389 1234 Ἀχιλλευς,

241 1231 319 1289 ἠδ’
347 1234 429 1277 ὅσα
459 1236 532 1278 καὶ
561 1236 658 1288 περὶ
688 1235 798 1278 α’στυ
827 1236 936 1290 μέγα
967 1236 1190 1291 Πριάμοιο
1217 1235 1402 1285 ἄνακτος

244 1306 360 1359 μαρν
365 1289 521 1345 αμεθ’·

554 1292 662 1334 ε’νθα
690 1291 736 1334 δ’
769 1308 912 1335 επειτα
942 1292 1230 1343 κατέκταθεν,
1266 1291 1392 1334 ὅσσοι
1423 1290 1608 1344 ἄριστοι

239 1345 348 1396 ἔνθα
377 1348 458 1403 μὲν
488 1349 599 1400 Α’ίας
627 1353 765 1392 κεῖται
799 1347 973 1405 ἀρήϊος,
1006 1349 1116 1393 ενθα
1146 1347 1187 1392 δ’
1213 1348 1443 1404 Ἀχιλλεὺς,

72 1500 248 1546 τέρονσα,
291 1516 381 1547 qnae
415 1506 542 1538 circum
585 1507 707 1540 atterit
740 1509 880 1546 terram,

74 1549 359 1589 ve1‚secundum
382 1550 624 1586 Schwenkium
650 1553 764 1594 Etym.
789 1552 878 1584 And.

73 1596 223 1639 p.182.‚
254 1592 278 1640 ἢ
313 1594 592 1640 α’μφιτρέουσα,
624 1598 706 1639 „die
735 1597 882 1630 hrdum-

74 1642 290 1685 wogende,“
322 1655 389 1688 quo
423 1655 525 1678 sensu
559 1650 595 1678 et
633 1645 803 1687 Τρίτωνα
828 1644 882 1677 di-

70 1691 161 1720 ctum
185 1692 294 1732 putat.

116 1756 307 1792 92-101.
363 1757 449 1791 haec
481 1757 606 1792 iterum
639 1757 801 1803 leguntur
836 1757 879 1801 δ’,

71 1801 195 1837 ΒΞΞ-
204 1803 294 1845 331,
307 1804 451 1858 primus
486 1810 598 1838 autem
631 1815 751 1838 xeisus
776 1804 878 1837 etiam

73 1847 110 1881 in
133 1848 258 1889 Iliade,
287 1847 329 1890 (τ’,
352 1850 445 1884 457..
472 1850 529 1883 ubi
556 1863 585 1884 v.
614 1862 689 1884 ann.
716 1854 788 1885 Am.
814 1851 877 1884 E.:

70 1890 186 1950 γούι
180 1891 280 1930 αθ’
305 1895 358 1930 ὶκ.
383 1892 408 1938 η“
431 1894 597 1940 ἅπτομαι
616 1898 690 1931 τῶν
715 1899 790 1931 σῶν
814 1910 878 1942 γο-

74 1939 196 1975 νάτων
219 1941 311 1983 μετα
334 1942 499 1983 ἱκετειᾝας
526 1963 566 1967 —
601 1945 658 1978 αι’
677 1940 715 1978 κ’
741 1943 822 1986 ἐθ.,
847 1944 878 1976 εἰ

66 1987 163 2042 sorte
185 1988 279 2021 velis.
306 2001 346 2022 ea
370 1989 424 2022 vis
443 1994 497 2022 est
519 1991 589 2024 τοῦ
612 1989 662 2025 κε’.
683 2001 714 2024 V.
730 2002 806 2024 ann.
832 1989 876 2023 ad

73 2029 129 2074 α’,
160 2033 238 2068 316.
270 2053 315 2059 —
356 2032 504 2070 αλλου
552 2036 876 2080 πλαζομέτου,

71 2079 161 2113 alius
185 2081 350 2122 errantis,
383 2081 443 2126 qui
476 2081 607 2127 pariter
640 2090 744 2128 atque
770 2083 876 2126 Ulys-

69 2135 123 2158 ses
143 2125 294 2169 jactatus
311 2127 429 2163 suerit.
451 2150 497 2154 -—
515 2130 586 2162 Am.
614 2129 674 2162 Ea
697 2132 876 2173 μειλίσ-

69 2182 162 2206 σεο.
196 2172 260 2215 (11.
286 2171 333 2217 η’,
344 2174 467 2226 410.)
503 2172 525 2220 ἢ
555 2178 731 2230 χαρίζου,
761 2178 875 2218 μειλι-

68 2229 171 2262 χιους
202 2217 278 2264 λέγε
308 2217 453 2264 λόγους.
478 2242 523 2249 —
551 2219 676 2263 όπως
702 2242 738 2248 -
761 2220 874 2258 ὀπω-

68 2265 180 2307 πῆς,
216 2265 346 2306 omisit,
384 2278 472 2312 quae
502 2268 604 2301 facile
637 2268 874 2313 intelligantur

56 2308 110 2343 'ex
132 2311 385 2365 superioribus,
412 2309 563 2347 verba
538 2327 571 2370 η
588 2313 702 2350 ἄλλον
717 2333 761 2339 -
781 2317 874 2349 πλα-

67 2354 535 2448 ἷῗμῗῗέὲε-..ηρὲῗέἷο
549 2358 598 2406 '⁷⁸'
629 2375 673 2396 ²²
718 2373 873 2406 eoyov

69 2448 266 2492 μνῆσαι,
300 2452 381 2486 καί
403 2465 469 2496 μοι
492 2466 525 2486 ν.
553 2409 732 2499 ἕ-ρῖιῗυῖῐι
753 2420 874 2499 ’4413ιὲἒὲ

69 2493 134 2536 μοὶ
161 2493 212 2528 bis
244 2475 372 2530 illatum
397 2499 470 2532 sine
495 2501 672 2545 emphasi,
702 2512 812 2545 neque
837 2501 873 2534 id

72 2540 232 2574 habctA.
260 2541 294 2576 2.
315 2543 430 2586 priore
454 2545 539 2579 loco.
566 2546 772 2581 scribamus.
799 2547 874 2581 τῶν

71 2587 139 2622 νῦν
162 2587 395 2631 μεμνῆσθαι,
418 2595 456 2624 ut
481 2590 522 2633 6',
549 2593 629 2627 267.

112 2657 306 2691 103—117.
354 2659 576 2694 anacoluthon
602 2661 821 2705 patheticum.
826 2681 871 2686 —

11 2697 14 2701 ’
65 2699 213 2746 μένος
270 2700 509 2760 ᾅσχετοι,
542 2708 659 2741 robore
706 2709 871 2741 indomito

15 2786 19 2789 ι
66 2748 229 2790 praediti.
252 2746 298 2792 β’,
325 2751 381 2785 85
410 2770 447 2775 —
485 2748 574 2796 ήερ.
600 2751 795 2789 πόντον.
824 2753 870 2799 β’,

66 2795 145 2829 263.
171 2813 218 2820 —-
244 2808 335 2841 υπῃ
371 2809 406 2830 α.
428 2793 687 2844 Ἆχιλλεύς,
717 2813 871 2843 quacun-

66 2851 130 2883 que
152 2841 291 2875 duceret
317 2843 474 2878 Achilles.
501 2855 533 2877 V.
559 2845 597 2879 n.
623 2845 657 2882 ι’.
682 2849 762 2889 328,
788 2849 868 2883 329·

66 2885 131 2920 fuit
165 2887 327 2931 ejusmodi
363 2889 613 2934 expeditionum
645 2886 710 2927 dux
753 2894 869 2928 Achil—

65 2931 138 2973 les,
180 2933 393 2969 Graecorum
438 2936 652 2973 fortissimus.
684 2959 730 2966 —-
761 2953 868 2975 κατ-

62 2976 283 3016 έκταθεν.
317 2978 432 3022 11.ε’,
456 2984 538 3025 558,
562 2981 608 3026 ν’,
632 2985 711 3022 780.
735 3006 779 3012 -
803 2987 868 3022 ad-

927 1503 1066 1551 scripsit
1090 1507 1213 1543 Eichh.
1239 1507 1308 1549 illa,
1335 1519 1423 1552 quae
1440 1504 1575 1540 Latinis
1592 1513 1736 1547 respon-

927 1554 980 1586 dit
1004 1553 1186 1587 Diomedes
1210 1566 1267 1598 ap.
1303 1554 1400 1609 Virg.
1424 1555 1508 1586 Aen.
1536 1552 1591 1592 11,
1615 1551 1736 1584 252-

927 1599 1008 1633 277.
1115 1612 1157 1641 ,,ε
1146 1599 1263 1634 ’νθα
1294 1597 1348 1644 μὲ
1333 1613 1379 1633 ν
1419 1599 1536 1637 Αἶας
1567 1600 1737 1631 κεῖται

929 1650 996 1678 etc.
1024 1645 1119 1690 Virg.
1146 1650 1231 1680 Aen.
1255 1649 1286 1687 1,
1310 1644 1546 1680 103-105.ι
1577 1643 1626 1676 CI.
1650 1641 1736 1676 malo

928 1691 1013 1724 haec
1039 1694 1083 1725 ad
1108 1691 1220 1725 xivum
1247 1697 1407 1727 resecant
1437 1691 1566 1725 Scholl.
1590 1690 1663 1722 Am.
1689 1688 1734 1721 E.

927 1740 962 1770 et
988 1738 1053 1778 Q·
1083 1737 1285 1797 πρόδηλον
1304 1738 1495 1778 ἐντεῦθεν,
1532 1733 1612 1778 ότι,
1631 1731 1736 1794 (ι’πού

926 1782 1182 1840 ἐτελεύτησαν,
1217 1784 1289 1820 {nei
1313 1783 1546 1825 ἐθάπτοντο,
1579 1781 1643 1816 καὶ
1668 1779 1738 1816 min

925 1826 1071 1865 ὀστέα
1116 1833 1280 1867 παισὶν
1331 1830 1535 1871 ἕκαστος
1577 1828 1736 1872 ἤγετο

924 1876 983 1918 (ῘΙ
1007 1890 1050 1919 η,
1074 1878 1181 1922 334.)
1206 1885 1387 1923 utrumque
1412 1890 1473 1923 pro
1497 1889 1536 1910 re
1560 1881 1642 1909 nata
1664 1886 1737 1908 mo-

925 1922 973 1955 iis
1006 1924 1070 1956 suit
1104 1925 1329 1958 Giaecorum.
1367 1924 1581 1968 fugientibus
1613 1933 1656 1954 ne
1681 1932 1738 1954 se-

923 1969 1032 2013 pelire
1057 1970 1190 2013 quidem
1216 1971 1345 2004 licebat
1365 1971 1498 2004 occisos
1521 1969 1556 2002 in
1582 1966 1737 2023 proelio;

926 2026 992 2056 quo
1026 2017 1178 2060 pertinet
1210 2017 1294 2052 illud
1329 2017 1368 2049 Il.
1395 2016 1440 2062 δ’,
1465 2016 1569 2051 174.
1606 2013 1667 2049 σέο
1693 2011 1735 2047 δ’

926 2058 1037 2096 ὀστέα
1081 2061 1190 2097 πύσει
1241 2061 1417 2107 ἄρουρα,
1470 2059 1654 2105 Κειμὲνου
1696 2058 1736 2095 ἐν

927 2110 1044 2154 Τροίη
1069 2106 1295 2156 ἀτελευτήτῳ
1321 2108 1379 2144 ἐπὶ
1405 2108 1511 2155 ἔργῳ.
1543 2106 1734 2142 victoribus

923 2161 1034 2188 autem
1070 2156 1123 2189 vel
1151 2157 1261 2200 pactis
1287 2162 1324 2190 et
1348 2157 1411 2189 hoc
1436 2156 1583 2195 licebat,
1610 2159 1644 2188 et
1670 2153 1734 2187 do-

921 2212 1007 2234 murn
1050 2203 1198 2236 avehere
1240 2213 1319 2236 ossa
1348 2207 1586 2246 cognatorum
1628 2205 1735 2243 atque

920 2247 1123 2281 amicorum:
1157 2260 1262 2293 quare
1294 2248 1464 2293 supplicio
1501 2246 1621 2281 affecti
1652 2248 1735 2279 sunt

918 2293 1174 2327 Atheniensium
1200 2295 1309 2328 duces
1334 2300 1410 2339 post
1433 2294 1610 2327 victoriam
1624 2291 1734 2345 ‘apud

918 2340 1126 2382 Arginussas
1157 2341 1305 2382 insulas,
1337 2340 1451 2386 quod,
1480 2340 1592 2374 hieme
1623 2338 1734 2382 impe-

919 2385 995 2426 diti,
1020 2393 1170 2419 mortuos
1196 2398 1261 2420 non
1285 2387 1502 2432 sepelissent.
1527 2398 1561 2420 v.
1587 2396 1666 2419 ann.
1686 2382 1731 2418 ad

919 2432 1091 2476 Aristoph.
1121 2433 1207 2466 Ran-
1239 2434 1295 2469 33.
1336 2433 1437 2466 datur
1470 2432 1630 2474 tertium,
1656 2440 1732 2464 cum

920 2489 1069 2522 corpora
1096 2478 1260 2513 victorum
1295 2479 1328 2512 in
1353 2484 1447 2512 terra
1471 2478 1626 2520 inimica,
1651 2481 1732 2511 tan-

919 2536 1017 2568 quam
1044 2525 1076 2557 in
1097 2536 1169 2567 sua,
1197 2525 1433 2559 condebantur
1454 2524 1591 2557 honoris
1611 2533 1730 2566 causa,

919 2571 1015 2603 velut
1048 2571 1182 2612 Aiacis,
1216 2572 1377 2611 Achillis,
1412 2570 1586 2611 Patrocli,
1628 2568 1730 2604 Anti-

917 2615 1018 2657 lochi,
1046 2628 1186 2661 quorum
1211 2630 1277 2651 non
1304 2629 1380 2651 esse
1404 2617 1522 2650 ablata
1547 2627 1625 2651 ossa
1650 2617 1731 2660 post

918 2663 1205 2707 expugnationem
1239 2665 1387 2707 Trojae,
1427 2673 1468 2695 cx
1494 2663 1525 2696 h.
1550 2663 1573 2696 l.
1599 2661 1729 2696 intelli-

917 2708 1024 2752 gitur.
1064 2709 1108 2742 cs
1147 2709 1252 2753 δορὴ.
1293 2709 1379 2743 Phil.
1420 2709 1501 2743 339.
1542 2714 1729 2754 asportare

918 2754 1053 2799 quidem
1088 2755 1222 2789 domum
1257 2754 1389 2789 cineres
1414 2760 1618 2790 mortuorum
1644 2764 1727 2789 con-

917 2801 1049 2834 sueviss
1053 2814 1071 2834 e
1105 2802 1285 2842 Giaecos,
1321 2803 1424 2835 docet
1447 2801 1555 2846 Soph.
1583 2801 1726 2834 Electra

916 2848 1004 2881 718.-
1032 2848 1121 2889 (καί
1153 2860 1211 2881 νιν
1240 2849 1342 2893 πυρᾷ
1373 2847 1518 2888 κέαντες
1543 2845 1662 2886 ευθυς
1686 2844 1725 2880 ἐν

915 2894 1043 2939 βραχεῖ
1075 2895 1207 2939 Χαλκῷ
1231 2894 1402 2951 μέγιστον
1427 2896 1533 2937 σῶμα
1558 2893 1723 2932 δειλαίας

915 2940 1063 2974 σποδοῦ
1096 2929 1275 2981 Φέρόυσιν
1307 2938 1439 2984 ἄνδρες
1476 2941 1634 2977 Φωκέων
1666 2952 1721 2974 τε·

913 2985 1109 3031 ταγμένοι,
1131 2983 1265 3030 Ὀπως
1298 3000 1471 3035 πατρῳας
1495 2988 1638 3034 τἰἶμβον
1661 2985 1718 3023 ἐκ·
