1856 3282
528 154 1097 198 ΟΔΤΣΣΕῙΑΣ
1151 154 1210 196 11.

1612 150 1695 193 249

229 266 348 341 ὄφρα
376 265 423 309 σέ
451 264 494 308 τ’
499 264 823 336 ὀφθαλμοῖσιν
850 266 956 319 ἰ’δω,
984 264 1058 308 καὶ
1086 267 1232 334 μῦθον
1260 262 1451 314 ἀκούσω,

232 326 273 367 εἴ
300 339 375 375 μοι
404 320 461 365 ἐτ’
495 321 542 364 ἐν
570 321 776 377 μεγάροις
804 320 944 393 μήτηρ
973 321 1111 376 μένει,
1142 319 1189 375 ήέ
1215 336 1277 371 τις
1305 319 1388 391 ἤδη

233 379 408 433 ἀνδρῶν
442 378 571 429 αλλος
600 380 781 450 ἔγημεν,
809 377 1048 448 Ὀδυσσῆος
1077 376 1123 419 δέ
1153 391 1239 419 που
1270 375 1373 432 εὐνὴ

149 439 205 481 35
232 436 349 492 χήτει
377 434 613 478 ἐνευναίων
639 434 742 478 κάκ’
762 432 958 506 ἀράχνια
984 437 1121 477 κεῖται
1153 432 1360 486 ἕ.“χουσα

314 490 402 535 Τὸν
432 493 473 534 6’
504 487 612 534 αὖτε
637 490 866 545 προσέειπε
895 489 1112 559 συβώτης,
1142 487 1332 544 ὄρχαμος
1362 487 1554 544 ἀνδρῶν·

236 547 346 601 ,,καὶ
375 548 472 618 λίην
499 549 619 616 κείνη
647 564 695 602 γε
723 547 839 617 μένει
867 546 1061 602 τετληότι
1086 547 1236 615 θυμῷ

237 608 379 646 σοῖσιν
407 603 473 646 ἐνὶ
501 603 774 660 μεγάροισιν·
807 603 976 657 ὀϊζυραὶ
1007 603 1054 646 δέ
1084 603 1128 645 οἱ
1159 599 1242 643 αιέὶ

235 662 475 716 φθίνουσιν
503 661 656 712 νύκτες
687 676 754 712 τε,
784 660 858 704 καὶ
886 659 1053 716 ἤματα,
1086 654 1438 713 δακρυχεου’σῃ.“ς

286 761 473 797 introeunti
495 762 532 797 in
555 763 688 798 domum
710 762 781 797 filio
806 763 950 808 Ulysses
973 773 1040 795 non
1063 759 1201 805 agnitus
1224 759 1300 794 loco
1325 756 1440 800 cedit,
1461 761 1601 792 vetante
1624 756 1694 792 illo.

156 843 210 886 40

310 841 394 892 Ὣς
425 841 511 896 ἄρα
538 841 749 916 φωνήσας
778 841 823 883 οἱ
852 840 1020 891 ἐδέξατο
1049 838 1234 908 χάλκεον
1264 840 1406 892 ἓ’γχος’

244 896 384 952 αὐτὰρ
407 897 490 967 Ι,ὅγ’
518 901 618 942 εἵσω
649 900 738 949 ιἐν,
767 897 842 940 καὶ
870 895 1041 967 ὑπέρβη
1069 895 1223 939 λάϊνον
1253 893 1402 937 οὐδόν.

241 959 301 1010 τῷ
331 955 372 997 6¹
403 953 529 1010 ἕδρης
557 952 722 997 ἐπιόντι
754 953 895 1008 πατήρ
924 952 1123 1004 ὑπόειξεν
1152 947 1410 1001 Ὀδυσσεύς’

243 1000 487 1066 Τηλέμαχος
517 1009 561 1053 δ’
591 1009 803 1063 ἑτέρωθεν
831 1009 1003 1082 ἐρήτυε
1037 1007 1241 1077 φώνησέν
1267 1020 1334 1050 τε·

307 1067 437 1116 ’,Ησο
471 1064 607 1118 ξεῖν’]
637 1065 760 1136 ήμεῖς
791 1066 837 1109 δὲ
869 1066 942 1110 καὶ
974 1065 1129 1109 ἄλλοθι
1160 1063 1323 1134 δήομεν
1354 1063 1486 1116 ἕδρην

157 1125 211 1168 45
241 1126 423 1178 σταθμῷ
453 1123 500 1166 ἐν
528 1120 742 1179 ἡμετέρῳ·
773 1122 895 1177 πάρα
925 1121 968 1167 δ’
999 1121 1133 1178 ανὴρ,
1165 1119 1214 1173 ὃς
1242 1119 1493 1176 καταθήσει

461 1229 638 1270 postquam
658 1224 910 1266 consederunt,
933 1223 1169 1258 instaurantur
1192 1223 1327 1268 epulae.

307 1291 391 1343 Ὡς
403 1290 554 1362 φάθ’·

586 1291 609 1336 ὁ
641 1292 683 1336 δ’
716 1287 839 1344 αὖτις
863 1292 944 1336 ι’ων
968 1289 1063 1334 κατ’
1097 1288 1167 1345 ἄρ’
1202 1290 1331 1343 ἕζετο.
1375 1292 1436 1349 τῷ
1459 1289 1504 1334 δε
1529 1287 1727 1344 συβώτης

241 1351 366 1402 χεῦεν
395 1348 483 1391 ὕπο
513 1349 680 1422 χλωροὲς
710 1349 858 1403 ρῶπας
885 1348 958 1394 καὶ
987 1352 1103 1399 κῶας
1133 1347 1354 1401 ὕπερθεν·

188 1402 209 1430 *
243 1405 352 1448 ἔνθα
379 1405 576 1458 καθέζετ’
608 1406 753 1449 ε’πειτα
776 1404 1016 1461 Ὀδυσσῆος
1045 1407 1175 1460 φίλος
1203 1402 1314 1454 υἱός.

247 1467 388 1504 τοῖσιν
418 1460 458 1505 6'
492 1479 548 1505 αυ
579 1467 739 1516 κρειῶν
768 1464 954 1514 πίνακας
981 1462 1207 1532 παρέθηκε
1238 1458 1436 1516 συβώτης

161 1521 217 1563 50
246 1516 490 1569 ὀπταλέων,
521 1518 549 1562 ἅ
577 1519 633 1573 ῥα
661 1523 715 1576 τῇ
744 1522 936 1590 προτέρῃ
965 1518 1201 1563 ὑπέλειπον
1231 1518 1425 1569 ἓδοιτες·

246 1579 368 1619 σῖτον
395 1573 437 1619 δ’
469 1577 654 1633 ἐσσυμέι
658 1593 717 1628 ως
744 1576 1008 1634 παρενήνεεν
1039 1577 1086 1622 ἐν
1115 1575 1354 1625 κανέοισιν,

77 1717 172 1754 κατὰ
196 1719 435 1776 Μακεδόνας,
467 1723 584 1768 τροπῇ
615 1722 787 1771 γινομένῃ
810 1726 881 1760 τοῦ

79 1778 106 1799 π
131 1767 182 1805 εἰς
205 1779 244 1807 τ,
269 1766 371 1802 ἄττα.
407 1768 452 1802 cf.
476 1770 582 1804 Schn.
611 1770 644 1804 h.
672 1782 707 1805 v.
730 1789 774 1797 -
807 1775 880 1806 Am.

80 1812 145 1845 B.:
179 1811 309 1855 χήτει
317 1814 392 1868 Ji!-
417 1813 466 1856 ζ’,
490 1814 576 1859 463)
614 1814 881 1853 ἐνευναίων

80 1855 144 1901 (ξ’,
171 1859 245 1902 51).
288 1860 333 1905 τῇ
364 1864 491 1907 χηρειά
514 1875 545 1896 κ.
571 1860 700 1898 σπάνει
724 1865 798 1899 ταῖν
821 1863 883 1900 εὕ-

78 1896 378 1949 νασθησομένων.
425 1897 485 1942 ἐπὶ
516 1905 668 1949 εὐθείας
698 1910 739 1945 τὸ
762 1911 883 1965 χῆτος.

79 1950 141 1985 καὶ
175 1952 293 1994 (scrib.
319 1950 387 1996 ὠς)
418 1957 496 1993 τοῖς
529 1952 788 1998 ἀμελουμένοις
820 1955 882 1993 τό-

79 2009 166 2036 ποις
185 1998 417 2057 προσφύεται
432 1997 600 2045 ἀράχνια.
634 2003 738 2039 Sch.=
762 2003 886 2039 ἐνευ-

81 2044 238 2077 ναίων.
275 2047 349 2081 τιὸν
357 2043 640 2102 εὔνησομένων,
665 2063 684 2084 ο
711 2048 784 2085 ἔστι
808 2063 885 2086 κοι-

81 2089 305 2133 μησομένων.
354 2088 375 2135 ἢ
400 2094 473 2127 τῶν
495 2095 750 2136 περιβολαίων.
794 2097 828 2131 Ιι.
852 2110 883 2131 e·

81 2138 331 2181 stragularum,
352 2150 418 2183 quo
439 2151 539 2173 sensu
560 2139 674 2196 δέρμα
695 2141 886 2178 ἐνεύναιον

83 2165 238 2224 ἀίκίιῖ,
262 2185 318 2219 51.
369 2185 486 2219 Voss.=
522 2187 562 2220 ob
592 2190 657 2221 mir
681 2190 736 2223 die
760 2195 887 2224 mutter

83 2228 170 2261 noch
193 2230 283 2263 weilt
306 2231 343 2263 in
367 2231 433 2264 den
456 2233 694 2279 wolmungen,
720 2236 804 2269 oder
828 2237 886 2269 be-

84 2274 169 2307 reits
191 2275 240 2307 sie
264 2276 366 2309 Heim
399 2278 454 2309 ein
487 2280 633 2314 anderer
653 2282 784 2323 filhrt’‚
815 2282 886 2315 und

86 2320 153 2358 ἄη
175 2320 307 2355 chebett
329 2322 389 2355 des
417 2323 583 2366 odysseus
601 2327 684 2360 Oed’
710 2340 756 2361 an
775 2329 890 2372 lager-

84 2366 240 2409 gewand’
271 2379 306 2401 u.
341 2371 495 2403 entetellt
521 2383 588 2406 von
616 2373 889 2430 spinnengeweb'

86 2412 142 2447 ist.
190 2412 241 2446 E:
279 2432 325 2438 —-
361 2413 518 2451 εἰώθασι
537 2417 622 2474 γάρ
660 2420 697 2454 οἱ
733 2418 891 2476 αροὶχναι

89 2457 301 2514 ἱστουργεῖν
311 2457 350 2494 ἐν
369 2459 495 2502 τόποις
521 2461 547 2496 α’
546 2466 795 2509 μελουμένοις.
829 2464 889 2502 διὸ

88 2503 150 2538 καὶ
172 2517 246 2560 παρ
252 2504 273 2539 ἂ
293 2501 451 2552 Ἡσιόδῳ
475 2509 539 2552 (Ο.
565 2518 602 2546 et
626 2512 669 2548 D.
692 2514 816 2567 476-,)
841 2511 891 2548 ἐκ

90 2548 130 2584 δ’
157 2546 339 2608 ἀγγέων
363 2541 587 2597 ἐλάσειας
613 2557 827 2603 ἀράχνια.
847 2578 893 2583 --

89 2608 188 2631 ουτω
219 2595 260 2632 δε
291 2598 355 2632 καί
377 2612 430 2640 τις
461 2599 580 2645 ἕτερος
611 2605 767 2660 ποιητής
789 2617 895 2661 μισο-

88 2642 257 2686 πόλεμος,
275 2642 412 2680 ἐθέλων
430 2646 578 2704 εἰρήνην
592 2648 784 2706 εὔξασθαι,
804 2648 896 2695 οἶριὲ-

90 2700 178 2744 ζνας
220 2687 407 2734 ἐπεύχεται
448 2694 596 2738 νήματα
640 2694 788 2741 υφάναι
818 2701 897 2738 τοῖς

91 2737 221 2776 οπλοις
236 2735 419 2792 (Comici,
445 2741 586 2796 opinor,
611 2744 785 2778 senarius:
818 2744 898 2778 καὶ

92 2778 176 2821 τὰς
221 2779 435 2839 “’„Qssfzvac
482 2785 658 2831 νήματ’
707 2787 900 2830 ὖφαναι

91 2829 199 2868 τοῖς
234 2825 352 2863 οπλο
365 2831 435 2875 ις)
460 2837 527 2867 etc.
576 2833 721 2869 ridicule
744 2836 900 2870 Catullus

90 2883 195 2907 carm.
222 2874 299 2908 13..
329 2885 410 2909 nam
435 2879 486 2911 tm‘
513 2878 644 2916 Catulli
672 2881 796 2916 Plenus
819 2893 900 2916 sac-

95 2919 190 2953 culm
212 2924 263 2953 est
286 2931 506 2959 aranearum.

138 2987 234 3023 37—
244 2988 303 3026 39.
351 2989 399 3034 λ’,
424 2992 544 3029 180-
554 2994 632 3030 182.

969 1771 1068 1806 41-
1076 1737 1134 1806 43.
1182 1767 1418 1826 ἦπέρβηλ.
1444 1779 1478 1802 o
1514 1763 1568 1810 θ’,
1592 1766 1648 1801 80.
1689 1765 1737 1799 cf.

925 1830 969 1861 ρ,
992 1819 1061 1860 30,
1088 1817 1142 1860 ψ’,
1168 1817 1232 1906 88η
1236 1822 1301 1852 etc.
1323 1833 1369 1840 —-
1400 1812 1737 1856 ἓτέρωθενςαὸ

926 1865 1040 1897 altera
1062 1870 1174 1908 parte.
1253 1863 1356 1902 ,130
1373 1866 1439 1894 etc.
1466 1878 1512 1886 —
1555 1857 1738 1904 ἐρήτυε,

926 1910 1082 1945 retinnit.
1119 1909 1154 1952 ι’,
1178 1876 1263 1944 49172
1270 1912 1335 1942 etc.

973 1955 1029 1990 44.
1077 1956 1127 1990 sic
1151 1955 1301 1995 Alterum,
1327 1951 1446 1998 procul
1473 1950 1575 1985 dubio
1601 1961 1642 1984 ex
1665 1948 1736 1984 suis

930 2001 1055 2041 codd.‚
1079 2014 1178 2047 quam
1195 2001 1400 2045 scripturam
1417 1997 1467 2033 cl.
1489 2009 1627 2042 quoque
1645 2007 1737 2029 οοιιι-

931 2049 1143 2085 memoravit.
1189 2048 1265 2089 ipse
1289 2051 1401 2079 tamen
1428 2044 1603 2087 vuigatam
1629 2040 1738 2076 κακό-

933 2107 1059 2147 φωνον
1083 2095 1170 2128 hanc
1195 2090 1257 2137 ἧσ’
1271 2117 1283 2146 .'
1308 2105 1335 2125 ω
1361 2088 1478 2134 ξεῖν’,
1503 2088 1667 2122 servavit.
1692 2105 1737 2114 -

933 2137 1137 2184 δήομεν,
1163 2139 1383 2174 inveniemus.
1420 2135 1465 2179 6'‚
1489 2134 1556 2170 544
1579 2141 1646 2168 etc.

978 2197 1077 2232 45-
1087 2197 1145 2233 47.
1191 2193 1476 2250 καταθήσει,
1508 2196 1632 2247 ponet,
1667 2190 1740 2225 col-

933 2244 1071 2277 locabit.
1103 2245 1172 2279 285
1200 2248 1264 2276 etc.
1289 2261 1333 2266 —-
1373 2234 1516 2278 αὖτις
1541 2236 1648 2279 ἰών,
1683 2248 1739 2271 re-

935 2301 1051 2323 versus
1073 2290 1115 2323 ad
1141 2289 1254 2323 sedem
1278 2299 1385 2321 suam.
1410 2306 1454 2311 —
1493 2284 1665 2328 ῥῶπας.
1697 2281 1741 2324 κ’,

936 2338 1002 2378 66,
1028 2333 1068 2378 ξ’,
1091 2336 1147 2370 49.
1172 2354 1213 2360 —
1249 2335 1386 2374 κῶας.
1422 2346 1466 2377 y,
1491 2333 1536 2367 38
1552 2336 1626 2365 etc.

981 2392 1036 2427 43
1085 2392 1195 2426 malim
1220 2391 1436 2436 probioribus
1461 2388 1628 2422 numeris.
1655 2384 1743 2422 ἔνθ’

937 2436 1124 2480 ἔωθε-ἕζετ’
1147 2438 1285 2478 ἔπειτα,
1309 2437 1519 2491 eandemque
1544 2432 1744 2467 medicinam

938 2485 1076 2518 fecerim
1099 2484 1262 2518 similibus
1286 2483 1380 2526 locs,
1405 2480 1446 2523 τ’,
1467 2482 1510 2516 59
1536 2485 1573 2514 et
1598 2480 1677 2515 102.
1712 2490 1746 2516 v.

939 2542 1017 2565 ann.
1043 2530 1086 2564 ad
1112 2531 1151 2565 11.
1176 2529 1222 2572 ν’,
1247 2530 1269 2564 4
1295 2534 1360 2563 etc.

985 2577 1083 2613 49—
1094 2577 1150 2612 51.
1197 2588 1367 2620 κρειων
1392 2575 1606 2613 πίνακας,
1631 2571 1747 2605 lances

941 2623 1108 2657 carnium.
1148 2621 1205 2663 α’,
1233 2621 1309 2656 141.
1357 2621 1410 2654 E:
1450 2622 1650 2656 πίνακας
1682 2615 1749 2661 μὲν

941 2668 988 2704 τοὶ
1020 2667 1134 2704 κάνεα
1168 2668 1259 2712 λέγει
1290 2665 1383 2701 κατὰ
1415 2665 1522 2709 λόγον
1556 2666 1749 2698 πολυωνυ-

943 2716 1055 2759 μίας,
1093 2710 1146 2749 ὧν
1174 2728 1236 2748 και
1268 2711 1384 2753 εὐθυς
1415 2712 1592 2766 μέμνηται
1624 2708 1663 2743 ἐν
1694 2711 1750 2756 τῷ

946 2765 1080 2796 σῖτον
1104 2779 1146 2786 -
1170 2758 1411 2795 κανέοισι·
1441 2755 1684 2810 προτέραν
1707 2745 1750 2791 δὲ

947 2806 1071 2850 (intell.
1096 2804 1249 2861 ἡμέραν)
1273 2804 1342 2849 τήν
1368 2801 1478 2847 χθὲς,
1506 2799 1551 2846 ἣν
1574 2801 1635 2837 καὶ
1659 2814 1749 2845 προ-

946 2853 1094 2898 τεραίαν
1125 2851 1258 2896 φαμέν.
1291 2869 1336 2877 —
1386 2852 1524 2884 σῖτον
1553 2867 1598 2872 -
1621 2847 1748 2883 κανέ-

950 2909 1092 2934 οισιν.
1123 2899 1169 2939 α’,
1196 2897 1271 2931 147.
1323 2919 1345 2936 ‚‚
1335 2894 1452 2939 ‚Virg.
1480 2896 1520 2935 1,
1546 2894 1624 2928 701.
1639 2905 1649 2928 2
1684 2895 1748 2927 Ce-

948 2954 1121 2987 reremque
1143 2942 1301 2976 caniutrio
1324 2940 1531 2984 Erpediunt.
1534 2943 1557 2961 ‘⁴
1582 2939 1637 2975 cl.
1682 2938 1748 2975 ἐσ-

949 2989 1182 3035 συμένως,
1205 2989 1283 3023 aito.
1321 2985 1354 3028 ι’,
1377 2987 1422 3022 73
1444 2990 1510 3020 etc
