1820 3272
374 751 1199 808 ΟΔῩΣΣΕΙΑΣ

1274 754 1354 807 Α.

92 979 244 1014 ΘΕΩΝ
280 978 450 1013 ΑΓΟΡΑ.
517 979 727 1013 ΑΘΗΝΑΣ
762 980 1084 1013 ΠΑΡΑΙΝΕΣΙΣ
1120 979 1266 1029 ΠᾙΟΣ
1308 981 1642 1014 THAEMAXON.

262 1217 409 1252 Invocat
431 1218 536 1263 poeta
560 1219 715 1258 Musam,
746 1221 786 1253 ut
807 1218 918 1252 virum
943 1217 1037 1251 illum
1062 1222 1187 1260 canat,
1212 1217 1294 1263 qui,
1319 1219 1430 1262 Troja
1453 1231 1596 1262 eversa,
1620 1221 1707 1254 mul-

173 1268 243 1299 tum
269 1269 366 1300 terra
390 1265 546 1310 marique
570 1265 763 1306 erraverit,
797 1265 901 1299 sociis
925 1270 1072 1310 propter
1096 1265 1247 1310 ipsorum
1271 1265 1538 1311 imprudentiam
1563 1266 1708 1301 amissis.

195 1342 411 1418 ”Amica
442 1383 517 1421 μοι
547 1366 719 1417 ἔννεπε,
751 1369 943 1417 Μοῦσα,
974 1364 1284 1420 πολύτροπον,
1317 1366 1365 1418 ὃς
1395 1366 1514 1422 μάλα
1542 1369 1686 1414 πολλὰ

205 1424 430 1479 πλάγχθη,
464 1424 555 1467 ἐπεὶ
590 1425 751 1479 Τροίης
781 1423 902 1479 ἱερὸν
931 1424 1199 1478 πτολίεθρον
1229 1423 1408 1479 ἔπερσε]

83 1527 344 1562 Annotationes.
391 1525 520 1568 Sighs,
550 1537 639 1570 quae
667 1529 749 1559 nota
772 1528 855 1559 sunt

37 1585 80 1608 ex
97 1573 226 1615 Iliade,
250 1573 338 1606 haec
353 1583 554 1605 accessere:
580 1573 661 1614 A1,
682 1573 755 1612 ΑΞ,
781 1573 853 1613 Α3,

40 1622 67 1654 Α
84 1619 120 1661 4,
143 1621 172 1653 Α
190 1619 224 1661 5,
249 1617 349 1652 codd.
367 1617 662 1659 vindobonenses,
688 1617 767 1650 olim
784 1617 854 1651 Pa-

40 1665 160 1709 latini,
183 1667 226 1707 5,
250 1676 336 1709 quos
360 1663 487 1698 Franc.
519 1663 603 1698 Car.
627 1664 767 1698 Alterus
791 1663 855 1697 ad-

40 1709 151 1748 hibuit
167 1712 211 1745 ad
227 1710 431 1755 odysseam,
449 1711 492 1743 ab
511 1709 586 1754 ipso
602 1710 728 1744 editam
749 1710 855 1743 Vien-

42 1770 109 1794 nae
128 1757 231 1793 1794.
247 1768 391 1802 quorum
415 1756 568 1790 codicum
596 1756 855 1801 antiquissimus

43 1811 98 1839 est
112 1804 183 1845 ille,
198 1815 299 1848 quem
319 1804 401 1839 133.
420 1808 577 1836 numerat
597 1802 788 1838 §essenus
815 1803 859 1837 li-

43 1852 107 1886 ber
127 1850 312 1895 diligenter
337 1848 489 1894 scriptus
513 1849 546 1882 in
570 1850 692 1883 charta
716 1850 860 1894 bomby-

47 1897 143 1939 cina,
175 1896 294 1930 seculo
323 1897 402 1934 11.‚
437 1900 577 1940 praeter
601 1896 708 1930 verba
735 1899 860 1940 poetae

48 1943 202 1978 continet
223 1943 356 1986 glossas
385 1941 626 1976 interlineares
650 1946 686 1975 et
713 1943 862 1976 scholio-

48 2001 121 2024 rum
147 1988 253 2023 omnis
279 1987 416 2033 generis
444 1988 672 2033 farraginem3
697 1989 758 2022 sed
783 2001 802 2023 a
825 1989 860 2023 5.

49 2036 181 2069 demum
206 2034 414 2079 rhapsodiae
432 2046 536 2068 versu
560 2036 638 2071 113.
658 2035 800 2081 incipit,
825 2040 863 2069 et

47 2080 108 2122 24,
126 2083 183 2118 53.
208 2081 349 2124 finitur,
373 2081 528 2125 maleque
553 2081 656 2114 tineis
680 2087 716 2115 et
741 2081 861 2115 blattis

50 2128 235 2163 infestatus
260 2133 326 2161 est.
372 2126 571 2172 apportavit
602 2139 678 2161 eum
709 2129 862 2162 codicem

50 2173 350 2218 Constantinopoli
367 2174 537 2218 Augerius
555 2175 777 2219 Busbequius
799 2174 863 2218 (de

50 2220 263 2264 Busbecke).
312 2221 339 2254 A
354 2221 402 2260 2.,
428 2231 528 2265 quem
549 2220 700 2254 codicem
720 2232 864 2266 expres-

51 2267 101 2301 sit
121 2266 228 2300 editio
256 2265 554 2308 Vindobonensis,
579 2271 616 2300 et
640 2266 717 2312 ipse
744 2268 778 2300 in
804 2280 865 2301 eo-

7 2320 9 2323 ’
54 2313 130 2347 dem
165 2323 294 2356 genere
325 2313 469 2346 chartae
507 2313 654 2358 parique
684 2313 866 2358 diligentia

55 2358 206 2403 scriptus
221 2363 275 2392 est
290 2369 379 2393 anno
397 2358 532 2393 Christi
549 2360 651 2395 1300.
695 2372 752 2404 ap.
772 2360 867 2394 Nes-

55 2403 175 2438 selium
211 2409 265 2438 est
295 2405 353 2440 56.
380 2405 434 2438 vel
458 2407 518 2441 58.
552 2406 655 2448 (nam
684 2412 868 2451 utrumque

58 2460 232 2484 nnmerum
256 2451 371 2484 nescio
401 2463 468 2495 quo
496 2463 616 2486 errore
642 2452 748 2486 habet
770 2453 868 2486 Alte-

58 2495 164 2538 ros),
187 2496 308 2540 κτῆμα
325 2497 455 2542 pridem
472 2498 549 2531 Jani
570 2498 752 2540 Sambuci,
775 2499 870 2532 Pan-

60 2540 167 2575 nonii.
211 2553 330 2577 manns
356 2544 606 2578 emendatrices
630 2547 652 2580 6
672 2544 740 2579 sibi
761 2544 872 2579 anim-

61 2586 246 2621 advertere
270 2587 306 2621 in
331 2601 372 2623 eo
398 2589 493 2623 visus
524 2595 578 2624 est
607 2591 758 2625 Alterus.
806 2602 872 2624 va-

60 2633 194 2668 riantes
223 2644 360 2679 quoque
383 2637 582 2681 scripturae
601 2637 718 2671 allitae
736 2641 816 2671 sunt
837 2641 875 2671 et

62 2679 199 2723 glossae
224 2678 317 2713 inter
342 2693 480 2723 versus,
515 2683 550 2716 in
580 2684 734 2729 margine
760 2689 875 2718 autem

64 2725 232 2760 habentur
256 2725 388 2759 scholia
417 2728 682 2775 Pseudodidymi
708 2741 777 2763 una
799 2742 875 2763 curu

64 2771 239 2806 Eustathii
268 2772 458 2815 nonnullis,
493 2787 581 2819 quae
612 2776 786 2810 recentior
802 2776 876 2810 ,3ὶί-

65 2817 141 2862 quis
159 2817 296 2861 adjecit.
344 2818 462 2852 itidem
481 2821 524 2854 ad
545 2822 692 2857 seculum
715 2821 769 2858 14.
794 2834 875 2867 per-

67 2864 151 2897 tinet
170 2865 196 2898 A
209 2865 258 2905 3.‚
283 2864 340 2908 qui
359 2865 518 2901 Nessclio
539 2876 735 2903 numeratur
749 2871 797 2910 5.‚
815 2881 875 2903 co-

65 2910 132 2943 dex
153 2911 353 2944 chartaceus
367 2937 376 2951 ,
401 2923 523 2955 magna
545 2925 619 2947 cum
643 2926 726 2948 cura
752 2927 876 2949 exara-

66 2962 122 2989 tus
138 2956 219 2989 solio
240 2958 377 3000 majore.
422 2959 491 3001 jam
512 2958 544 2993 4.
565 2961 680 2994 luorum
700 2962 874 3002 librorum,

67 3004 122 3036 50.
147 3002 316 3045 Nesselii‚
340 3004 374 3038 in
400 3007 522 3039 charta
546 3007 699 3050 ejusdem
724 3008 875 3052 generis,

900 1537 962 1559 nec
978 1525 1221 1571 indiligenter,
1243 1527 1394 1572 scriptus
1413 1532 1467 1562 est
1484 1529 1526 1562 ab
1546 1530 1626 1564 Ant.
1641 1529 1715 1564 Da—

900 1572 982 1605 mila
999 1572 1185 1614 Cretensi,
1211 1574 1327 1608 seculo
1349 1576 1403 1609 15.
1424 1581 1593 1615 exeunte3
1618 1588 1716 1620 quem

901 1623 938 1651 et
963 1618 1073 1663 ipsum
1101 1619 1253 1653 codicem
1281 1621 1438 1664 possedit
1464 1621 1542 1655 olim
1571 1622 1717 1656 Sambu-

902 1675 981 1705 cus,
1023 1669 1061 1698 ut
1096 1666 1222 1700 multos
1255 1667 1343 1700 alios
1369 1667 1404 1700 in
1428 1667 1530 1701 Italia
1557 1671 1719 1705 coemtos.

902 1713 932 1745 A
950 1711 999 1752 5.‚
1021 1712 1103 1746 307.
1128 1723 1185 1756 ap.
1210 1712 1426 1754 Nesselium,
1458 1714 1516 1759 qui
1538 1715 1673 1749 nonnisi
1696 1717 1721 1752 6

902 1757 1031 1802 primos
1048 1758 1231 1801 Odysseae
1247 1759 1357 1793 libros
1375 1760 1635 1805 complectitur,
1658 1773 1720 1796 eo·

905 1804 982 1837 dem
1019 1805 1135 1838 seculo
1170 1805 1360 1850 itidemque
1390 1807 1427 1840 in
1461 1807 1581 1842 charta
1613 1809 1721 1843 lintea

905 1850 1057 1894 scriptus
1073 1856 1137 1884 est.
1163 1852 1296 1895 glossas
1316 1853 1572 1896 interlineares,
1596 1855 1721 1900 quibus

906 1899 934 1930 A
961 1898 994 1931 4.
1026 1902 1157 1930 tantum
1186 1909 1253 1931 non
1277 1903 1392 1941 caret,
1418 1899 1474 1934 hic
1495 1900 1585 1935 liber
1605 1907 1720 1935 osten—

907 1943 972 1983 dit,
997 1944 1123 1988 partim
1141 1943 1256 1985 minio,
1281 1945 1407 1989 partim
1426 1952 1619 1981 atramento
1634 1949 1722 1981 scri-

907 1994 997 2034 ptas.
1022 2008 1068 2014 --
1093 1991 1167 2024 Am.
1186 1990 1227 2030 Β,
1252 1991 1326 2024 Am.
1343 1992 1386 2035 E,
1406 1994 1480 2026 Am.
1501 1993 1546 2035 Q,
1567 1994 1667 2028 codd.
1687 1996 1721 2037 3,

909 2035 1102 2080 Odysseam
1126 2036 1342 2071 continentes
1354 2064 1363 2079 ,
1387 2051 1528 2084 quorum
1546 2041 1590 2074 ab
1607 2052 1645 2075 se
1661 2042 1723 2075 ‹le-

907 2082 1039 2127 scripta
1066 2082 1194 2116 scholia
1219 2083 1349 2128 primus
1370 2085 1563 2130 publicavit
1583 2089 1622 2121 A.
1647 2089 1723 2121 Ma—

904 2130 959 2172 jus
991 2128 1204 2170 Mediolani,
1232 2132 1354 2172 1820„
1379 2132 1506 2166 deinde
1535 2133 1597 2167 Ph.
1621 2134 1726 2167 Butt-

909 2185 1050 2208 mannus
1067 2175 1238 2217 Berolini,
1265 2188 1354 2210 anno
1372 2183 1551 2222 sequente.
1601 2180 1724 2214 inscri-

910 2220 962 2266 pti
983 2226 1064 2254 sunt
1083 2221 1133 2254 illi
1155 2221 1256 2256 codd.
1274 2222 1507 2259 bibliothecae
1530 2227 1726 2261 Ambrosia-

911 2279 997 2307 nae,
1035 2279 1125 2311 quae
1153 2268 1342 2303 Mediolani
1375 2276 1450 2312 est,
1487 2272 1583 2306 Part.
1611 2286 1727 2319 super.

912 2313 941 2347 B
958 2315 1028 2356 99.,
1055 2314 1148 2348 Part.
1165 2326 1243 2360 sup.
1263 2316 1295 2349 E
1314 2317 1383 2358 89„
1410 2318 1505 2352 Part.
1523 2330 1600 2365 sup.
1621 2320 1652 2359 Q
1671 2320 1725 2355 88.

906 2371 1056 2404 quorum
1084 2368 1284 2404 postremus·
1306 2364 1457 2407 optimus
1489 2371 1564 2407 est,
1604 2365 1730 2400 linteus

913 2405 971 2440 ille
1000 2406 1157 2450 quidem,
1182 2419 1247 2442 nec
1273 2410 1415 2455 antiqua
1440 2422 1541 2445 manu
1559 2411 1592 2445 in
1610 2413 1730 2447 charta

915 2453 1045 2496 majore
1077 2453 1248 2499 scriptus,
1283 2457 1343 2489 sed
1373 2456 1414 2490 iis
1441 2457 1652 2499 instructus,
1674 2460 1730 2502 ju-

917 2499 995 2532 dice
1013 2499 1245 2543 Buttmanno,
1270 2503 1412 2536 scholiis
1425 2528 1434 2543 ‚
1457 2503 1493 2536 in
1512 2504 1638 2548 quibus
1657 2507 1732 2550 ple-

917 2545 1033 2589 risque
1067 2545 1296 2591 antiquiorum
1328 2549 1639 2584 Grammaticorum
1662 2563 1733 2585 ma-

918 2602 996 2625 num
1027 2603 1205 2635 agnoscas.
1251 2595 1377 2639 reliqui
1403 2597 1425 2629 2
1448 2595 1528 2629 libri
1545 2597 1647 2631 etiam
1664 2598 1732 2643 ipsi

920 2649 985 2671 non
1003 2638 1095 2672 ultra
1114 2637 1168 2674 14.
1187 2641 1337 2675 seculum
1359 2648 1564 2687 assurgunt,
1590 2644 1734 2689 bombj-

920 2683 1008 2727 cini,
1035 2685 1146 2719 forma
1171 2686 1321 2729 minore,
1346 2699 1448 2731 quam
1477 2689 1582 2734 vulgo
1609 2696 1735 2724 vocant

920 2731 957 2763 in
985 2736 1131 2775 quanm·
1155 2743 1297 2776 quorum
1325 2734 1354 2766 Β
1382 2734 1485 2768 habet
1508 2736 1638 2769 scholia
1660 2737 1732 2781 ple-

922 2788 1063 2821 rumque
1083 2778 1205 2811 brevia
1221 2790 1330 2824 usque
1349 2780 1391 2812 ad
1414 2780 1544 2815 initium
1567 2782 1645 2816 libri
1664 2785 1734 2823 21„

921 2823 1010 2857 alter
1032 2824 1165 2868 priores
1185 2830 1315 2859 tantum
1334 2829 1355 2860 9
1376 2827 1482 2861 libros
1497 2829 1734 2874 complectitur

921 2881 995 2902 cum
1018 2870 1156 2903 scholiis
1183 2873 1269 2905 satis
1291 2873 1461 2916 copiosis,
1493 2880 1732 2920 praeterquam

922 2915 955 2948 in
980 2916 1113 2950 chartis
1136 2919 1405 2958 recentioribus,
1441 2921 1564 2964 quibus
1587 2933 1651 2955 non
1677 2934 1732 2955 se·

922 2962 987 2994 mel
1010 2963 1186 3006 suppletus
1205 2970 1268 2998 est.
1302 2985 1347 2990 —-—
1384 2967 1438 3007 ll,
1462 2967 1570 3000 codex
1589 2968 1728 3002 Heideh

921 3009 1102 3053 bergensis
1130 3010 1185 3043 45.
1225 3012 1286 3054 (ν.
1320 3013 1486 3046 uilkenii
1520 3015 1642 3049 Gcsch.
1672 3016 1734 3049 dcv·
