1856 3282
148 129 230 168 108

778 128 1174 172 ΟΜΗΡΟΥ

315 235 582 306 δωσέμεναι,
610 241 753 279 τοῖσιν
782 238 828 281 δὲ
857 238 1127 295 θεοὶσγάμον
1156 240 1393 292 ἐξετέλειον.

313 307 394 345 την
423 290 498 345 ἄρ’
527 291 598 346 ὅγ’
630 292 727 336 ἔνθ’
759 295 930 337 ἵπποισι
959 297 1031 338 καὶ
1063 296 1226 351 ἅρμασι
1255 299 1392 358 πέμπε
1421 298 1597 343 νέεσθαι

313 349 621 402 Μυρμιδόνων
653 351 783 403 προτὶ
813 350 920 393 ἄστυ
950 352 1229 405 περικλυτὸν,
1258 352 1374 397 οἶσιν
1405 353 1604 400 ἄνασσεν.

230 409 282 447 10
312 405 398 446 υἱέϊ
427 405 473 447 δὲ
502 404 770 460 Σπαρτηθεν
797 405 1042 461 Ἀλεκτόρος
1071 407 1195 464 ἤγετο
1224 410 1402 465 κούρην,

310 459 360 510 ὅς
390 462 434 503 οἵ
459 461 695 531 τηλύγετος
720 463 892 517 γένετο,
921 465 1129 519 κρατερὸς
1159 469 1470 539 Μεγαπένθης,

308 516 356 559 ἐκ
385 517 565 573 δούλης·
598 517 749 574 Ἑλένῃ
780 519 825 562 δὲ
855 521 954 562 θεοὶ
982 521 1118 576 γόνον
1149 521 1296 566 οὐκέτ’
1329 524 1526 579 ἔφαινον,

301 572 455 642 ἐπειδὴ
486 575 535 618 τὸ
565 579 743 644 πρῶτον
773 575 963 647 ἐγείνατο
995 577 1119 622 παῖδ’
1151 579 1390 635 ἐρατεινὴν,

301 626 557 686 Ἑρμιόνην,
588 630 616 687 ἣ
648 629 764 682 εἶδος
794 633 858 688 ε’χε
887 634 1069 690 χρυσέης
1094 623 1362 692 Ἀφροδίτης.

583 733 759 767 nuntiatur
782 735 939 770 Menelao
962 737 1130 771 adventus
1154 738 1350 783 hospitum·
1340 762 1351 779 ‚

222 802 271 842 15
346 798 430 850 Ὣς
461 801 506 843 οἱ
535 801 614 853 μὲν
645 802 853 845 δαίνυντο
884 803 991 846 καθ’
1025 804 1238 860 ὑψερεφὲς
1266 806 1374 862 μέγα
1410 807 1546 862 δῶμα,

299 857 490 910 γείτονες
519 857 594 912 ἠδὲ
626 857 717 901 ἔται
747 859 980 903 Μενελαου
1014 865 1294 917 κυδαλίμοιο·

302 913 608 969 [τερπόμενον
641 931 746 969 μετα
775 916 821 959 δέ
852 928 958 972 σφιν
987 917 1188 974 ἐμέλπετο
1219 924 1340 970 θεῖος
1369 917 1535 971 ἀοιδὸς,

128 1104 190 1127 ναι
209 1092 284 1148 τήν
303 1091 503 1138 Ἑρμιόνην
531 1094 605 1130 υπὸ
640 1097 710 1132 τοῦ
733 1097 936 1154 Τυνδάρεω

126 1137 178 1183 τῷ
209 1135 378 1196 Ὀρέστῃ·
416 1146 496 1176 εῖτα
528 1140 684 1186 ὕστερον
718 1141 936 1187 ἀφαιρεθεῖ-

126 1195 196 1218 σαν
221 1184 340 1221 αὐτου
355 1185 580 1244 ἐκδοθῆναι
612 1190 665 1234 τῷ
690 1191 935 1245 Νεοπτολέμῳ

125 1230 221 1266 κατὰ
245 1232 313 1275 τήν
348 1231 387 1268 ἐν
415 1237 534 1279 Τροία
566 1233 781 1290 ὑπόσχεσιν·
816 1234 936 1272 αυτοῦ

125 1275 167 1312 δὲ
200 1280 336 1314 Πυθοῖ
376 1278 640 1322 ἀναιρεθέντος
679 1278 753 1316 ὑπό
787 1285 936 1338 ΙΙΙαχαι-

123 1322 234 1368 ρέως,
275 1324 336 1359 ὅτε
367 1325 433 1360 τὸν
461 1325 614 1362 Ἀπόλλω
649 1326 838 1372 τινύμενος
870 1326 935 1364 τὸν

121 1370 193 1404 τοῦ
215 1368 357 1417 πατρὸς
382 1371 533 1415 ἐξεδίκει
567 1371 708 1429 φόνον,
744 1373 932 1410 ἀποκατα-

121 1417 254 1472 στῆναι
287 1418 403 1460 αὖθις
436 1416 555 1463 αὖτὴν
594 1420 646 1467 τῷ
678 1416 858 1467 Ὀρέστῃ·
893 1421 932 1466 ἐξ

119 1457 173 1496 ὦν
196 1463 369 1507 γενέσθαι
399 1465 465 1500 τὸν
494 1456 723 1522 Τισαμενὸν,
757 1468 931 1512 φερωνύ-

116 1521 195 1553 μως
231 1508 329 1545 ου’τω
363 1511 565 1570 κληθέντα
585 1526 689 1556 παρα
730 1514 798 1555 τήν
836 1515 929 1556 μετοὶ

114 1554 252 1613 μένους
285 1559 396 1600 τίσιν,
438 1557 516 1593 ἐπεὶ
548 1555 568 1594 ὅ
604 1558 726 1615 πατὴρ
757 1559 929 1604 Ὀρέστης

114 1599 261 1639 ἐτίσατο
287 1617 376 1644 τους
401 1608 530 1646 φονεῖς
563 1605 632 1640 τοῦ
655 1603 926 1649 Ἀγαμέμνονος.

115 1650 160 1684 cf.
185 1652 258 1683 Am.
288 1651 328 1683 E.
354 1655 389 1684 et
414 1651 476 1691 Q.‚
503 1662 579 1684 ann.
607 1651 694 1696 ady
708 1654 822 1690 ..188
848 1656 925 1689 189.

113 1700 150 1728 et
183 1695 309 1740 Eurip.
342 1697 504 1730 Androm.
542 1697 659 1737 1107.,
674 1665 846 1732 yBrunck.
881 1700 925 1733 ad

113 1742 224 1795 Soph.
248 1742 270 1776 l.
296 1753 325 1774 c.
354 1747 420 1776 etc.
447 1762 492 1767 —-
525 1745 595 1776 Am.
622 1743 686 1777 E.:
711 1747 922 1788 ΖῑῙυρμιδ.

110 1799 182 1830 πρ.
209 1786 338 1822 ἄστυ.
376 1785 398 1832 ἡ
408 1786 519 1843 παρ’
539 1786 690 1844 Ομήρῳ
715 1804 757 1834 με
744 1805 782 1825 ν
810 1793 923 1846 Φθιη,

109 1832 216 1877 παρὰ
243 1832 282 1869 δε
305 1833 495 1879 νεωτέροις
521 1833 723 1878 Φάρσαλος.
758 1839 821 1871 hoc
846 1838 923 1883 qui-

111 1879 188 1913 dem
230 1881 398 1914 incertum
442 1886 517 1921 est3
566 1887 765 1916 annumerat
809 1888 921 1918 tamen

110 1926 239 1960 Strabo
264 1929 298 1962 9.
324 1940 357 1972 p.
383 1928 462 1961 998.
493 1928 690 1962 Pharsalum
716 1929 924 1964 Phthioticis

111 1973 275 2007 urbibus.
309 1985 343 2007 v.
367 1973 492 2010 Cellar.
520 1977 550 2008 1.
576 1986 608 2018 p.
635 1977 738 2010 1069.
771 1975 861 2009 idem
886 1988 920 2020 p.

108 2020 213 2054 1067.
247 2019 291 2053 de
322 2019 470 2053 Phthia:
504 2020 725 2064 „Procopius
749 2021 792 2055 de
817 2022 920 2055 Aedi-

109 2064 199 2098 ficiis
222 2064 282 2099 lib.
309 2064 342 2100 4.
368 2077 445 2110 cap.
469 2067 503 2103 3.
530 2077 604 2099 cum
628 2067 767 2100 Larissa
791 2073 826 2101 et
850 2068 920 2102 Pe-

108 2122 172 2144 neo
202 2111 421 2152 memoravit,
449 2111 511 2145 sed
534 2116 695 2156 tauquam
720 2113 799 2146 olim
825 2113 918 2147 dele-

108 2161 197 2190 tam:
222 2158 288 2202 τῆς
314 2159 437 2197 Φθίας
462 2156 628 2193 ἐνταῦθα
651 2157 774 2193 οὐκέτι
791 2156 917 2202 οὔσης.

106 2203 153 2238 cf.
178 2215 259 2238 ann.
283 2204 327 2237 ad
353 2204 393 2237 ll.
419 2202 467 2244 α’,
493 2206 570 2241 155.
602 2209 639 2238 et
662 2205 841 2251 Euripidis
865 2206 918 2240 in-

106 2252 220 2295 terpp.
243 2251 405 2285 Androm.
434 2251 488 2285 15.

150 2342 248 2376 10-
259 2339 315 2376 14.
363 2342 468 2376 Sch.:
498 2338 776 2401 Ἀλέκτορος
799 2341 913 2379 κού-

102 2399 200 2431 ρην.
249 2387 286 2422 οἱ
312 2400 379 2431 μεν
408 2385 607 2432 ’[φιλόχην,
637 2389 673 2423 οι
702 2387 742 2423 δὲ
767 2387 912 2435 Ἐχέμη-

102 2434 166 2469 λον
203 2434 310 2477 (fort.
336 2434 557 2491 Έχεμήλην,
588 2440 626 2468 ut
659 2436 911 2481 Φιλομήλην.)

100 2479 257 2535 λέγουσι.
304 2478 370 2515 τὸν
400 2479 440 2516 δε
474 2477 723 2524 Ἀλὲκτορα
746 2486 913 2528 γενεαλο-

99 2538 230 2570 νουσιν
248 2524 409 2570 Ἀργείου
439 2528 508 2561 τοῦ
537 2527 714 2567 Πέλοπος.
762 2529 913 2563 mutavi-

98 2584 173 2607 mus
205 2578 380 2608 accentum
409 2572 551 2607 nominis
584 2574 805 2618 appellativi,
832 2575 912 2620 quia

99 2619 175 2653 loco
184 2619 338 2674 proprii
363 2624 561 2673 usurpatum
589 2625 654 2654 est.
701 2632 733 2653 v.
760 2632 838 2656 ann.
866 2622 911 2655 ad

99 2665 139 2699 ΙΙ.
162 2662 206 2707 ρ’,
223 2667 303 2700 602.
338 2685 384 2690 ——
418 2664 694 2720 τηλύγ,ετος
729 2671 846 2707 tener,
881 2666 910 2700 si

99 2710 253 2744 divinavi
279 2723 356 2745 ann.
382 2712 425 2745 ad
450 2712 490 2745 Il.
514 2711 558 2756 γ’,
584 2712 661 2747 175.
696 2717 774 2746 sunt
798 2718 910 2747 autem

99 2756 249 2790 infantes
273 2769 386 2792 omnes
421 2758 545 2793 teneri.
578 2775 624 2782 —
658 2758 908 2803 Μεγαπέν-

97 2805 200 2847 θης.
247 2814 382 2836 causam
416 2804 560 2838 nominis
595 2803 742 2838 reddunt
768 2807 841 2839 Am.
866 2805 910 2840 E.

98 2853 135 2883 et
152 2850 215 2890 Q.:
241 2848 335 2883 κατὰ
352 2847 422 2893 γὰρ
442 2847 508 2885 τὸν
525 2848 656 2894 καιρὸν
672 2853 741 2886 τοῦ
759 2849 823 2886 διοὶ
843 2850 911 2894 τήν

92 2893 244 2938 Ἑλένην
267 2894 432 2934 πένθους
461 2895 605 2941 ἐτέχθη.
651 2897 702 2931 sic
729 2897 764 2931 in
796 2897 911 2932 sabula

98 2940 245 2986 vulgari,
269 2953 369 2996 quam
392 2941 558 2976 Tieckius
580 2943 728 2985 ornavit,
751 2944 910 2978 Genove-

100 2999 164 3024 vae
185 2987 328 3030 filius,
319 2999 354 3022 ιιι
377 2987 480 3023 exilio
505 2991 625 3025 matris
643 2994 765 3033 natus,
789 2990 910 3036 appel-

982 1101 1072 1134 latur
1090 1101 1400 1144 Schmerzeureich,
1423 1103 1571 1145 suntque
1589 1099 1679 1143 apud
1695 1099 1786 1143 ipsos

983 1147 1137 1181 Graecos
1153 1148 1272 1182 similia
1288 1148 1419 1181 nomina
1432 1145 1648 1191 Neoptolemi
1669 1149 1704 1179 et
1717 1145 1784 1178 Te-

981 1194 1141 1234 lemachi,
1165 1195 1208 1228 de
1230 1194 1355 1238 quibus
1374 1194 1409 1227 N
1428 1192 1508 1236 ady
1522 1193 1632 1234 ,18.8
1657 1210 1703 1216 --
1734 1190 1783 1226 ἐκ

1837 0 1856 351 -Στςεῧ-ῄ

983 1239 1071 1273 δού
1084 1244 1182 1284 λης,
1206 1252 1223 1273 e
1249 1241 1407 1282 captiva,
1433 1239 1555 1282 qualis
1570 1242 1604 1271 et
1624 1237 1692 1270 fuit
1712 1238 1783 1271 He—
1831 1243 1835 1277 ,ἱ

981 1285 1095 1326 sione,
1129 1297 1218 1329 quae
1239 1284 1417 1318 Telamoni
1443 1284 1579 1328 peperit
1602 1284 1784 1319 Teucrum.
1832 1296 1833 1322 ;

979 1331 1019 1364 11.
1042 1330 1093 1371 θ’,
1115 1332 1196 1374 283,
1216 1329 1294 1365 284.
1320 1332 1362 1364 de
1389 1330 1585 1363 conditione
1604 1330 1781 1364 nothorum

978 1388 1035 1422 ap.
1065 1378 1237 1411 Graecos
1248 1388 1281 1409 v
1314 1388 1389 1409 cum
1409 1376 1487 1409 illos
1505 1385 1624 1409 versus
1646 1381 1680 1408 et
1695 1387 1781 1420 quae

977 1429 1159 1468 praeterea
1185 1423 1220 1456 N
1246 1422 1401 1456 laudavit
1427 1422 1568 1455 Homeri
1595 1421 1694 1461 loca,
1739 1420 1782 1464 ξ’,

978 1471 1089 1504 199-
1093 1471 1173 1509 210,
1205 1468 1245 1501 Il.
1273 1466 1310 1507 ε’,
1330 1470 1386 1509 70,
1404 1469 1462 1508 71,
1486 1465 1528 1508 λ’,
1548 1469 1625 1509 102,
1647 1465 1696 1510 π’,
1712 1469 1781 1503 737

976 1519 1012 1547 et
1043 1526 1139 1559 seqq.
1174 1515 1245 1557 (cf.
1274 1514 1313 1548 ΙΙ.
1337 1512 1386 1558 μ’,
1404 1515 1462 1554 92,
1497 1512 1624 1556 ψ’.,90
1637 1515 1675 1556 ),
1709 1519 1778 1548 tum

974 1560 1141 1594 Feithium
1166 1562 1200 1600 2,
1227 1561 1280 1596 17,
1302 1561 1349 1602 5,
1383 1560 1440 1603 qui
1467 1559 1665 1600 annotavit,
1689 1560 1779 1594 filios

972 1607 1117 1646 nothos,
1144 1605 1300 1649 quamvis
1330 1618 1397 1639 non
1425 1605 1542 1638 eodem
1572 1605 1646 1638 loco
1676 1610 1779 1650 atque

972 1653 1100 1685 honore
1118 1652 1253 1684 habitos
1275 1664 1349 1685 cum
1374 1651 1558 1694 legitimis,
1582 1656 1693 1684 tamen
1711 1663 1779 1685 una
1835 1672 1838 1681 ·

972 1709 1047 1731 cum
1071 1698 1136 1731 illis
1162 1697 1250 1731 domi
1275 1699 1438 1731 educatos
1467 1708 1561 1737 esse,
1586 1702 1622 1730 et
1645 1697 1679 1730 in
1699 1709 1778 1741 par-

970 1748 1037 1777 tem
1063 1744 1195 1777 venisse
1226 1748 1391 1822 patcernae
1427 1743 1649 1784 hereditatis,
1681 1744 1775 1777 velut
1827 1768 1829 1772 ι

970 1790 1128 1832 Ulyssem
1157 1787 1237 1831 ξ’,Ι
1333 1789 1615 1832 „Megapenthes
1640 1800 1740 1830 vero,
1751 1793 1775 1809 “

967 1835 1099 1880 inquit,

968 1928 1096 1961 Oreste
1124 1929 1263 1961 fuerunt
1288 1927 1438 1967 exclusi,
1465 1927 1547 1971 quia
1571 1926 1609 1960 ἐκ
1628 1925 1776 1972 δούλης,

968 1985 1008 2007 es:
1034 1985 1157 2014 serva,
1182 1979 1296 2006 essent
1323 1973 1412 2014 nati,
1438 1978 1475 2005 ut
1502 1973 1550 2006 ait
1574 1973 1676 2007 Paus.
1699 1975 1771 2008 Co-
1824 1969 1827 2010 ἲ]
1849 1993 1852 2011 ε

967 2019 1149 2053 rinthiacis
1177 2021 1230 2053 18.
1262 2024 1297 2052 at
1322 2018 1588 2063 Neoptolemus,
1613 2031 1711 2064 quem
1729 2032 1783 2055 ex
1824 2024 1827 2055 ί
1850 2020 1851 2026 ’

964 2065 1145 2099 Deidamia
1164 2065 1280 2098 furtim
1307 2066 1494 2098 sustulerat
1509 2065 1679 2106 Achilles,
1704 2078 1770 2110 pa-
1824 2071 1827 2106 ζ

1519 2111 1770 2155 Megapenthes
1823 2112 1827 2155 ᾖ

964 2164 1246 2191 commemoratur
1273 2158 1374 2192 etiam
1409 2155 1769 2197 02100—141‚ubi
1823 2170 1825 2177 ’

963 2113 1064 2145 trium
1102 2123 1243 2155 regnum
1269 2111 1472 2165 suscepit.“

961 2204 1055 2282 patri
1086 2204 1278 2244 ministrat,
1302 2207 1336 2236 et
1363 2201 1556 2246 pincernam
1579 2214 1639 2237 seu
1662 2182 1770 2246 p⁷ocil-

978 2254 1104 2283 atorem
1132 2249 1216 2297 agit.
1264 2248 1766 2292 Apollod.3,11‚1.=M÷vs'-
1821 2291 1824 2298 ,

960 2297 1049 2336 λαος
1068 2309 1135 2339 μεν
1155 2298 1222 2330 οὑν
1239 2293 1276 2336 ἐξ
1289 2294 1435 2337 Ελένης
1451 2291 1649 2348 Ἑρμιόνην
1669 2295 1766 2340 ἐγέν-
1821 2305 1823 2323 ῑ

959 2353 1066 2386 νησε,
1088 2342 1149 2377 καὶ
1178 2340 1273 2376 κατά
1299 2353 1402 2380 τινας
1429 2340 1701 2384 Νικόστρατον·
1727 2341 1766 2377 ἐκ
1820 2343 1824 2394 j

960 2387 1114 2433 δούλης,
1142 2389 1315 2431 Πιερίδος
1337 2387 1460 2431 γένος,
1488 2388 1704 2429 Αἰτωλίδος,
1729 2385 1764 2433 ἢ,

957 2435 1128 2477 καθάπερ
1158 2432 1386 2473 Ἀκουσίλαός
1416 2445 1525 2487 φησι,
1563 2433 1766 2489 Τηριδοὶης,

957 2481 1187 2525 Μεγαπένθη
1221 2487 1287 2515 etc.
1337 2481 1396 2521 cf.,
1434 2480 1462 2513 si
1495 2480 1583 2514 tanti
1619 2487 1690 2522 est,
1721 2482 1764 2516 de
1820 2479 1823 2508 ἶ

957 2527 1210 2572 Megapenthe,
1266 2539 1286 2560 a
1333 2527 1362 2559 B
1401 2532 1589 2561 monstrata
1634 2506 1765 2562 scliolia
1818 2553 1822 2565 ,

958 2574 1127 2618 Stephani
1161 2573 1204 2607 ad
1240 2573 1381 2615 Dionys.
1415 2572 1585 2607 Thracem
1617 2584 1650 2618 p.
1685 2573 1764 2609 868.

1510 2621 1694 2710 Ελρένὸο
1717 2685 1763 2691 --

958 2623 994 2653 et
1027 2625 1097 2655 not.
1131 2619 1174 2654 ad
1207 2619 1396 2653 Herodian.
1431 2618 1545 2663 Epim.

956 2666 1030 2699 Am.
1062 2666 1104 2701 E.
1135 2671 1171 2699 et
1212 2666 1257 2705 Q.
1290 2670 1325 2699 et
1365 2664 1467 2698 Sch..

958 2710 1187 2755 έᾘφαινον
1236 2710 1271 2746 οἱ
1305 2709 1345 2746 δε
1379 2721 1550 2754 νεωτεροι
1590 2711 1762 2753 (Hesiod.

957 2769 1014 2802 ap.
1046 2758 1161 2792 Schol.
1192 2757 1298 2802 Soph.
1330 2758 1386 2791 El.
1411 2757 1491 2792 539.
1515 2756 1570 2790 ed.
1596 2757 1762 2802 Elmsleji,

957 2805 1114 2841 Paus.2‚
1138 2805 1190 2838 18.
1217 2810 1251 2837 et
1275 2803 1579 2861 3,18.,A130110d
1602 2804 1636 2844 3,
1658 2805 1712 2844 11,
1733 2806 1764 2840 1.
1815 2811 1818 2824 '

958 2855 994 2883 et
1016 2849 1064 2883 ibi
1089 2850 1202 2904 Hey.n
1216 2851 1233 2893 )
1261 2849 1408 2906 Ελενης
1429 2848 1497 2892 μεν
1520 2849 1580 2884 καὶ
1605 2847 1764 2891 Ἀλεξαν-

958 2897 1052 2938 δρου
1085 2894 1268 2939 Κόρυθον
1294 2893 1317 2940 ἢ
1339 2892 1508 2936 Ἕλενον,
1531 2893 1570 2930 ἐκ
1589 2893 1628 2930 δὲ
1645 2899 1765 2933 ΙῑῙενε-
1813 2894 1818 2918 ‘⁹

1813 2962 1816 2978 ι

957 2942 1050 2978 λάου
1075 2942 1354 2986 Νικόστρατον,
1375 2943 1642 2988 γενεαλογοῦσι-

1005 2990 1165 3026 15—19.
1215 3001 1247 3024 v.
1274 3000 1353 3024 ann.
1383 2989 1425 3024 ad
1453 2990 1555 3025 1-3.

1135 1834 1217 1875 „uti
1235 1841 1270 1869 et
1277 1801 1525 1875 cNicostratus,
1544 1845 1650 1879 regno
1667 1836 1776 1880 Spar-
1826 1854 1829 1870 ι

968 1886 1049 1921 tae,
1076 1882 1165 1926 quod
1186 1887 1282 1925 pater
1302 1882 1502 1926 possederat
1518 1881 1706 1921 Menelaus,
1730 1883 1774 1916 ab
1826 1882 1829 1918 ,l
1850 1886 1853 1890 “
