1856 3282
35 1187 79 1220 ἓν.
103 1197 138 1231 p
165 1186 242 1222 155.
268 1190 304 1221 et
335 1198 433 1233 seqq.
457 1208 503 1213 —
538 1189 611 1224 Am.
637 1189 704 1231 Q.:
730 1186 820 1234 ἐγώ

35 1250 62 1258 -·
87 1233 194 1274 εἶμι.
237 1235 481 1290 οἰκονομικῶς
513 1233 582 1279 γάρ
618 1233 636 1270 ὁ
672 1248 708 1269 π.
765 1235 823 1270 ὅτι

33 1291 88 1314 ιυιι
113 1277 160 1324 ἤν
186 1278 371 1321 πιθανὸν,
398 1278 487 1316 ου’δὲ
512 1281 656 1327 εὐσεβὲς
684 1279 822 1325 διόλου,

18 1331 191 1381 παρεῖναι
215 1340 290 1383 την
329 1325 489 1369 Ἀθηνᾶν
520 1329 573 1373 τῷ
610 1327 822 1373 Τηλεμάχω.

33 1368 105 1406 ι’λλ’
141 1370 229 1408 ουδὲ
261 1370 353 1415 πρός
382 1362 575 1410 Μενέλαον
609 1373 732 1409 ἐλθεῖν
765 1374 826 1408 εὐ-

22 1418 153 1460 τρεπὶς
171 1420 374 1461 παρθένων
394 1420 604 1463 θυομένων.
626 1422 711 1463 (imo
734 1433 825 1462 παρ-

24 1467 179 1508 ῗενίων,
217 1472 397 1507 cantuum,
429 1479 511 1510 quos
543 1468 698 1512 virgines
723 1479 826 1501 cane-

22 1517 104 1545 »ant
133 1514 169 1546 in
192 1513 333 1555 nuptiis.
359 1514 823 1553 ν.8()1)η.ν.παρθενεῖα.

21 1558 176 1592 :atullus
200 1560 263 1599 61,
288 1559 362 1593 36.:
395 1559 551 1592 vositem
577 1559 701 1599 simul,
733 1560 824 1592 inte-

22 1603 45 1648 Ῡζ
48 1616 107 1638 rae
129 1605 461 1649 Virginee‚q11ibns
483 1605 625 1638 advenit
650 1606 720 1638 Par
736 1606 822 1646 άιεε,

22 1651 137 1692 ugho,
172 1652 208 1684 in
235 1650 373 1684 modum
413 1651 542 1684 Dicite.-
580 1663 599 1683 ο
627 1652 820 1694 Hymenae,

54 1709 171 1740 ymen,
204 1697 340 1740 Hymen
374 1708 392 1730 ο
426 1698 647 1740 Hymenaee!
677 1702 747 1731 Am.
773 1698 818 1738 Q.

28 1744 62 1777 id
85 1744 185 1779 3662
208 1746 442 1785 παραιτεῖται
466 1745 534 1787 τήν
559 1745 611 1784 εἰς
636 1745 819 1778 Λακεδαί-

27 1801 112 1824 ιονα
146 1786 294 1833 αφιξιν,
329 1787 426 1825 διότι
447 1789 592 1834 γάμους
622 1789 723 1825 οἶδεν
749 1789 821 1824 av’-

26 1835 99 1871 τόσε
122 1837 357 1881 γινομένους,
387 1832 438 1871 ὧν
472 1835 660 1878 ἀλλότριος
694 1836 713 1873 ὁ
740 1837 821 1871 δαί-

17 1885 107 1916 ἰων.
143 1883 304 1916 audacter
335 1884 481 1919 Buttm.:
513 1887 702 1928 >αμηλιων
728 1886 821 1919 θυο-

16 1928 158 1973 -ιένων,
190 1929 266 1963 vel:
303 1927 478 1972 εὐπρεπὲς
501 1929 678 1990 παρθένῳ
703 1943 820 1988 παρα

6 1974 188 2035 ,γενέσθαι
221 1977 409 2020 γαμηλίων
426 1979 558 2033 θυομ.
570 1978 587 2021 )
621 1977 682 2012 ι’να
707 1975 746 2012 δὲ
770 1976 820 2022 μή

10 2007 259 2079 1.πιζητῶμεν,
305 2023 382 2058 ποῦ
416 2020 434 2058 6
474 2023 655 2067 ΠῙέντωρ,
693 2023 821 2068 ἐπάγει

16 2066 135 2112 ”τοὶρ
176 2066 335 2112 ηἐὂθέν
351 2081 413 2126 γε
457 2069 573 2113 μετοὶ
627 2069 818 2105 Καύκω-

49 2127 114 2156 α.ς
137 2134 184 2141 —-
209 2116 310 2149 Harl.
343 2113 580 2162 ὁμηλικίη.
615 2117 709 2162 (49.)
736 2115 819 2153 άντὶ

21 2163 82 2197 οὗ
108 2159 286 2207 ὁμήλικες.

60 2255 149 2296 366,
172 2254 254 2290 367.
311 2254 592 2295 Καύκωνας.
634 2266 668 2288 ν.
704 2256 818 2300 Ηεμι.

20 2298 192 2346 (111.β’,
217 2301 296 2342 855,
320 2303 400 2336 877.
433 2304 507 2336 Am.
538 2302 583 2342 Q.
609 2305 644 2335 et
670 2301 732 2334 E.:
755 2314 817 2346 με-

39 2344 107 2388 αξυ
131 2348 196 2390 τῆς
218 2345 364 2388 Ἠλείας
387 2361 425 2382 κ
445 2346 574 2383 Πύλου
601 2348 636 2383 οἱ
664 2346 784 2383 Καυκτ
773 2362 818 2382 ω-

10 2483 12 2486 ,
38 2450 131 2478 mutos
144 2440 220 2474 *τοῦ
241 2436 407 2484 Ἀρκάδος
441 2439 708 2485 ωνομασμένοι.
748 2440 818 2477 εἰσὶ

10 2483 56 2520 ’.ἳὲ
79 2485 143 2520 καὶ
175 2483 279 2520 ἄλλοι
308 2485 346 2522 ἐν
381 2490 647 2533 Παφλαγονίᾳ,
680 2500 714 2522 οι
740 2492 818 2529 τοῖς

9 2522 141 2576 ΙΤρωσὶ
159 2534 365 2576 συμμαχίαν
380 2534 611 2589 πέμψαντες·
636 2534 715 2569 καὶ
743 2534 818 2569 Λέ-

9 2587 152 2623 1εγες,
185 2578 265 2613 καὶ
290 2578 550 2620 Καυκωνες.
577 2581 633 2623 (11.
658 2578 701 2621 κ’,
720 2581 816 2624 429.)

81 2627 264 2668 χρεῖος,
289 2626 458 2669 debitum,
485 2628 637 2661 damnum
665 2628 818 2660 sarcien-

8 2671 112 2729 lum,
136 2671 433 2730 ,Βοήαιίοπετεαῑτ
460 2672 522 2718 φ’,
549 2675 626 2708 16.:

44 2763 88 2805 οἷς
109 2764 226 2807 δῆμος
249 2763 394 2819 ὄφελλε·
419 2767 530 2810 Μῆλα
553 2765 621 2809 γάρ
648 2766 684 2811 ἐξ
717 2765 815 2802 Ἰθά-

4 2821 80 2868 lm
116 2808 322 2864 Μεσσήνιοι
360 2809 494 2855 ἄιδρες
529 2811 656 2856 ἄειραν
688 2813 814 2857 Νηυσὶ

1 2872 22 2910 s
45 2855 229 2900 ολυκλήϊσι
257 2856 461 2901 τριηκόσι’,
504 2855 568 2902 ἦὸὲ
600 2861 753 2905 νομῆας.
779 2873 812 2897 v.

71 2908 108 2937 ot
130 2914 206 2938 ann.
231 2905 275 2938 ad
302 2905 340 2938 11.
354 2903 396 2947 λ,
422 2907 501 2941 686

10 2958 133 3070 1113117ιί
150 3028 274 3063 Scholl.
299 3036 334 3064 et
350 3031 413 3075 Ap.
438 3030 542 3065 Schn.
564 3042 641 3067 ann.
667 3032 710 3065 ad
737 3033 813 3066 Ari-

9 3084 13 3103 ¹
55 3082 197 3120 nonna.
221 3086 358 3122 Onrss.
384 3088 411 3122 1.

9 3123 12 3164 ι

9 3172 13 3264 ἔ

189 2995 217 3022 φ
229 2981 252 3022 ᾖ
260 2995 280 3016 ν
291 2996 313 3028 η
324 2997 345 3018 ν
376 2995 485 3028 genus
516 2984 702 3030 aquilarum
737 2997 813 3020 esse

509 165 1088 209 ΟΔῬΣΣΕΙΑΣ
1145 169 1196 209 Γ.

19 2414 21 2416 v
39 2404 75 2433 ες
94 2391 255 2428 οἰκοῦσιν
275 2393 314 2429 ἐν
326 2396 370 2439 τῇ
392 2396 590 2440 Τριφυλίᾳ,
614 2391 689 2429 άπὸ
712 2394 835 2430 Καύ-.

1621 180 1678 220 97

40 307 42 318 .
74 282 159 324 360
186 279 330 320 σοῖσιν
358 275 421 319 ἐνὶ
453 275 728 331 μεγάροισιν·
759 275 843 331 ἐγώ
875 275 921 320 δ’
949 275 1018 320 ἐπὶ
1046 281 1134 333 ιῆα
1160 278 1374 333 μέλαιναν

188 331 276 385 εἶμ’
284 366 296 385 ,
328 334 402 376 ἵνα
433 335 646 386 θαρσύνω
675 333 733 377 θ’
760 333 970 386 ἑτάρους,
1002 335 1109 376 είπω
1139 351 1183 378 τε
1210 335 1382 396 ξ’καστα.

188 388 282 440 οἶος
294 389 394 460 γάρ
425 390 530 444 μετά
560 396 673 434 τοῖσι
700 392 950 446 γεραίτερος
973 390 1160 458 εὔχομαι
1186 391 1322 436 εἶναι·

188 448 233 490 οἷ
263 444 304 489 δ’
336 445 460 489 ἄλλοι
490 447 689 504 φιλότητι
717 447 924 500 νεώτεροι
953 445 1110 499 α’νδρες
1139 447 1332 503 ἕπονται,

187 502 344 553 πάντες
374 501 574 559 ὁμηλικίη
604 502 864 559 μεγαθύμου
898 503 1177 576 Τηλεμάχοιο.

35 570 39 614 2'
75 561 158 621 365
188 559 297 603 ε’νθα
326 575 373 602 κε
399 563 607 631 λεξαίμην
634 561 760 616 κοίλῃ
792 560 913 613 παρά
942 563 1019 617 νηὶ
1044 563 1233 631 μελαίνῃ

186 620 295 659 νῦν·
328 616 438 670 άτάρ
467 616 613 686 ηῶθεν
642 618 747 672 μετά
781 617 1027 668 Καύκωνας
1058 617 1346 673 μεγαθύμους

187 671 276 727 εἶμ’
286 705 297 725 ,
330 673 440 716 ἔνθα
468 672 611 729 χρεῖός
639 690 716 725 μοι
745 672 991 729 ὀφέλλεται,
1027 674 1126 718 οὔτι
1154 675 1259 718 νέον
1285 692 1346 730 γε,

188 730 293 772 οὐδ’
323 727 485 784 ὀλίγον.
524 730 578 774 σύ
609 730 656 773 δὲ
683 735 863 781 τοῦτον,
894 730 984 774 ἐπεὶ
1012 731 1112 774 τεόν
1141 733 1255 774 ἵκετο
1287 734 1424 786 δῶμα,

185 786 359 840 πέμψον
385 787 466 838 ξύν
495 788 639 857 δίφρῳ
672 803 717 831 τε
746 788 818 830 καὶ
842 788 946 830 υἱέϊ·
980 787 1057 838 δὸς
1085 789 1132 831 δέ
1166 790 1211 831 οἱ
1239 790 1415 842 ἵππους,

34 870 35 873 =
73 849 157 889 370
186 845 236 886 οῖ’
260 860 329 886 τοι
350 832 643 898 ἐλαφρότατοι
672 846 812 888 θείειν
841 845 915 887 καὶ
943 843 1104 898 κάρτος
1134 843 1349 899 ἄριστοι.“

248 931 332 984 “Ὼς
361 931 447 986 α’ρα
468 933 709 1003 φωνήσασ’
740 933 886 1006 ἀπέβη
906 938 1160 990 γλαυκῶπις
1187 934 1362 1005 Ἀθήνη,

183 988 302 1046 φήνῃ
333 989 554 1047 εἰδομένη
582 992 760 1049 θάμβος
789 992 830 1036 δ’
861 991 929 1036 ἕλε
957 992 1124 1044 πάντας
1149 992 1344 1044 ἰδόντας.

868 1192 953 1222 stot.
986 1189 1077 1222 Hist.
1114 1187 1214 1222 anim.
1239 1189 1284 1229 9,
1308 1187 1383 1229 24„
1416 1198 1450 1232 p.
1484 1188 1584 1222 160.:
1609 1187 1682 1229 „de

867 1236 980 1279 phene
1016 1235 1164 1268 fabulam
1207 1234 1340 1268 incerto
1385 1237 1527 1268 auctore
1562 1237 1683 1268 narrat

870 1281 1061 1314 Antoninus
1096 1281 1265 1313 Liberalis
1297 1292 1374 1324 cap.
1409 1282 1465 1319 6.,
1491 1279 1681 1324 Periphan,

870 1338 986 1370 regem
1029 1282 1187 1367 Atticae,
1234 1332 1400 1359 mutatum
1443 1326 1478 1358 in
1521 1326 1680 1370 aquilam,

872 1384 1010 1406 uxorem
1036 1384 1119 1406 vero
1145 1374 1220 1415 ejus
1244 1372 1278 1405 in
1304 1371 1439 1416 φὴνην,
1465 1371 1612 1426 huicque
1637 1373 1681 1405 ab

871 1419 957 1452 Jove
982 1419 1157 1467 peculiare
1190 1418 1302 1452 datum
1334 1418 1439 1451 fuisse
1469 1417 1563 1460 πρὸς
1586 1431 1681 1452 αποι-

875 1476 943 1498 σαν
968 1465 1100 1509 πρᾶξιν
1125 1462 1344 1506 ἅνθρώποις
1376 1465 1502 1498 αἰσίαν
1529 1462 1681 1508 ἐπιφαί-

871 1513 1014 1545 νεσθαι.
1066 1510 1196 1555 primus
1221 1510 1363 1554 phenem
1388 1510 1579 1544 celebravit
1604 1522 1681 1544 car-

872 1557 960 1589 mine
995 1557 1093 1589 Hom.
1133 1556 1314 1599 Od)sseae
1351 1558 1404 1591 16.
1442 1568 1476 1591 v.
1503 1558 1596 1597 217„
1621 1556 1680 1590 ubi

870 1604 989 1646 φῆναι
1013 1607 1048 1635 et
1082 1603 1250 1644 αἰγυπιοὶ
1285 1602 1441 1646 lugentes
1466 1602 1576 1646 pullos
1601 1613 1682 1636 suos

867 1649 1146 1682 introducuntur.
1198 1647 1276 1682 libri
1312 1654 1426 1681 autem
1458 1650 1493 1682 3.
1527 1659 1560 1681 v.
1597 1650 1678 1683 372.

867 1695 1027 1728 Minerva
1063 1695 1182 1728 abiens
1217 1702 1439 1738 comparatur
1463 1706 1536 1727 cum
1561 1696 1681 1728 eadem

869 1752 944 1775 ave.
993 1749 1110 1774 noster
1143 1751 1225 1773 vero
1258 1742 1302 1781 8,
1338 1742 1370 1774 5.
1413 1741 1680 1797 magnitudinem

868 1788 940 1831 ejus
975 1793 1011 1820 et
1033 1787 1179 1820 colorem
1215 1785 1266 1818 ita
1299 1786 1451 1819 definiit·
1485 1786 1558 1821 ἔστι
1593 1786 1632 1822 δὲ
1657 1784 1679 1830 ἡ

867 1833 935 1877 μὲν
962 1831 1063 1877 φήνη
1089 1830 1130 1867 τὸ
1149 1831 1308 1876 ἰι-’γεθος
1332 1830 1445 1867 άετοῦ
1465 1834 1610 1876 μείζων,
1635 1832 1678 1867 vd

869 1878 909 1915 δὲ
933 1893 1062 1925 χρωμα
1087 1878 1323 1921 σποδοειδής.
1369 1878 1484 1923 posuit
1506 1879 1593 1913 idem
1619 1891 1681 1913 no-

868 1933 937 1960 tam
973 1926 1179 1971 peculiarem
1214 1926 1386 1959 oculorum
1413 1926 1546 1981 phenae
1567 1926 1679 1960 nube-

869 1973 944 2006 culo
971 1975 1183 2006 obtectorum
1208 1970 1428 2025 (ἐπάργεμός
1454 1968 1566 2014 ἐστι),
1591 1983 1680 2016 quae

868 2030 934 2053 non
959 2020 1063 2052 solum
1091 2017 1146 2051 avi
1170 2018 1346 2057 convenit,
1369 2030 1388 2050 a
1412 2018 1562 2051 Buffono
1587 2030 1679 2052 com-

867 2070 1009 2109 paratae
1034 2076 1106 2098 cum
1133 2064 1245 2110 φήνῃ,
1272 2068 1461 2108 praeeunte
1486 2064 1680 2154 Aldprovan-

867 2113 911 2145 (lo
949 2118 985 2144 et
1020 2111 1179 2144 Cortesio
1212 2101 1390 2144 Ornithol.
1427 2113 1452 2143 t.
1480 2112 1511 2144 1.
1564 2112 1678 2146 .226.

867 2157 925 2190 ed.
958 2157 1144 2193 Francos.
1181 2157 1241 2198 qui
1275 2162 1328 2189 est
1361 2155 1451 2189 falco
1485 2156 1678 2200 ossifragus

864 2204 904 2237 ]“
897 2215 964 2236 mn.
958 2229 980 2245 ,
1003 2215 1100 2247 quem
1120 2203 1288 2236 Buffonus
1313 2202 1434 2245 gallice
1454 2203 1596 2243 Orsraie
1615 2214 1678 2236 vo-

865 2250 978 2290 cavit,
1016 2249 1076 2283 sed
1102 2250 1202 2282 etiam
1228 2248 1447 2281 Balbuzardo
1473 2259 1493 2281 a
1518 2248 1677 2282 Perralto

864 2296 1033 2336 dissect03
1068 2295 1158 2340 quod
1185 2296 1301 2328 nescio
1327 2305 1387 2327 cur
1412 2294 1579 2328 Buss‘onus
1604 2294 1677 2328 dis-

863 2341 1084 2375 simulaverit.
1132 2341 1281 2374 fluctuat
1323 2339 1432 2383 igitur
1466 2340 1675 2385 comparatio

863 2389 999 2441 phenae
1032 2387 1123 2420 inter
1157 2387 1358 2430 ossifragam
1397 2386 1607 2419 Aldrovandi
1640 2391 1676 2420 et

863 2433 1002 2468 Buffoni
1028 2438 1064 2466 et
1087 2433 1329 2467 balbuzardum
1356 2432 1527 2474 Petram,
1553 2437 1591 2465 ut
1615 2443 1675 2465 an-

863 2480 979 2514 notavi
1018 2479 1060 2513 ad
1097 2478 1264 2512 Friderici
1292 2479 1336 2512 11.
1369 2477 1516 2521 Reliqua
1544 2489 1577 2521 p.
1602 2479 1674 2518 93.

863 2526 926 2560 nisi
948 2526 1023 2570 quis
1041 2526 1131 2558 sorte
1144 2525 1380 2558 demonstrare
1401 2525 1522 2568 possit,
1546 2529 1674 2557 utram-

864 2584 931 2615 que
955 2584 1052 2605 avem
1079 2573 1164 2604 male
1190 2572 1363 2612 hucusque
1382 2581 1509 2613 genere
1533 2574 1567 2602 et
1592 2580 1673 2612 spe—

867 2619 919 2651 cie
944 2618 1111 2651 diversam
1137 2618 1245 2650 fuisse
1262 2617 1436 2649 habitam-⁶
1442 2623 1449 2635 ⁴
1475 2615 1562 2648 idem
1588 2614 1672 2649 ibid.

865 2675 899 2708 p.
932 2666 1007 2699 158.
1044 2664 1223 2697 Buffonum
1259 2662 1410 2703 aliosque
1449 2660 1672 2703 reprehendit

805 2720 814 2730 ²
864 2711 898 2743 in
924 2723 963 2744 eo
989 2711 1076 2755 quod
1103 2709 1303 2742 haliaeetum
1330 2707 1404 2740 sive
1429 2707 1575 2749 aquilam
1600 2719 1671 2741 ma·-

863 2756 970 2790 tinam
1015 2755 1294 2801 comparaverint
1341 2764 1416 2785 cum
1463 2753 1670 2786 balbuzardo

863 2804 1049 2846 Anglorum
1066 2810 1101 2837 et.
1119 2801 1298 2834 Gallorum
1320 2799 1435 2842 aquila
1453 2798 1547 2832 dicta
1568 2811 1671 2832 crau-

857 2851 1040 2892 ῃίεὴενοι,
1093 2847 1274 2899 potiusque
1318 2844 1476 2888 sequitur
1518 2845 1668 2885 Canium,

860 2895 914 2928 cui
939 2895 1110 2937 ossifraga
1137 2891 1266 2926 Belonii
1290 2891 1375 2924 libro
1396 2891 1438 2924 de
1463 2896 1531 2923 nat.
1558 2891 1668 2925 avium

858 2943 891 2974 ⁶2.
928 2953 957 2973 c.
994 2943 1026 2975 7
1059 2939 1177 2972 similis
1211 2937 1348 2970 videtur
1380 2947 1456 2969 esse
1488 2936 1666 2970 haliaeeto

859 2988 962 3030 vulgo
986 2985 1121 3031 quidem
1146 2983 1310 3018 falconem
1341 2983 1543 3026 ossifragum
1571 2983 1668 3017 Linn.

859 3033 987 3067 habent
1012 3043 1073 3077 pro
1102 3042 1166 3063 ave
1191 3030 1262 3069 illa,
1288 3039 1387 3073 quam
1414 3028 1579 3061 Germani
1606 3040 1636 3060 v
1651 3049 1667 3054 -

1363 3079 1390 3116 7
