1846 3282
565 133 1155 178 ΟΔΤΣΣΕΙΑΣ
1210 134 1245 175 t.

1686 138 1742 179 18

155 251 210 296 85
240 247 352 291 ἔνθα
381 244 426 290 δ’
455 243 524 290 ἐπ’
560 243 746 317 ἠπείρου
775 248 936 303 βῆμεν,
966 243 1040 288 καὶ
1071 243 1352 300 αφυσσαμεθ’
1382 245 1530 301 ὕδωρ·

245 303 354 355 αἶψα
384 304 431 347 δὲ
461 305 643 346 δεῖπνον
673 302 825 347 ἕλοντο
855 305 969 358 θοῃς
996 304 1117 355 παρὰ
1149 301 1306 356 νηυσὶν
1339 301 1520 359 ἑταῖροι

244 361 388 416 αὕτοέρ
418 360 511 404 ἐπεὶ
541 361 679 404 σίτοιό
710 376 755 404 τε
779 356 1032 415 πασσάμεθ’
1063 357 1141 414 ἡδὲ
1170 362 1374 415 ποτῆτος,

72 466 224 512 πάρισοι
246 467 325 504 τοῖς
341 463 522 521 μεγέθεσι.
557 463 628 508 τήν
651 461 692 499 δὲ
709 461 884 518 Μήνιγγοι

73 516 287 558 νομίζουσιν
316 516 429 546 εἰναι
444 509 513 555 τήν
545 514 620 546 τῶν
643 508 883 555 Λωτοφάγων

75 564 168 607 νῆν,
204 559 273 604 τήν
304 557 376 604 ὑφ’
400 556 568 613 Ομήρου
601 557 816 616 λεγομένην
847 570 880 591 κ-

76 607 267 644 δείκνυταί
305 619 390 641 τινα
424 603 614 663 σύμβολα,
657 604 719 640 καὶ
757 601 885 649 βωμὸς

72 652 298 694 Ὀδυσσέως,
320 651 382 688 καὶ
399 649 515 692 αὐτός
539 649 558 688 ὁ
581 650 743 696 καρπός·
759 650 885 693 (infir-

79 716 165 738 mum
189 708 369 747 utrumque
393 704 648 744 argumentum,
682 696 885 743 praesertim

75 751 160 785 illud
185 750 228 782 de
253 760 334 790 ara,
371 759 469 793 quam
494 745 640 802 Ulysses
664 753 885 778 consecrasse

77 796 142 830 diis
161 796 314 831 creditus
324 774 418 850 Iesu)
441 790 536 827 πολὺ
557 790 627 836 γάρ
647 789 723 826 ἐστι
741 787 782 824 τὸ
804 788 885 822 δέν-

76 844 167 886 δρον
202 841 242 876 ἐν
286 838 383 887 αὐτῇ
421 838 462 876 τό
504 839 748 891 καλούμενον
768 831 885 869 λωτόν

75 890 178 934 (fort.
201 888 343 929 λωτοῦ,
361 877 420 919 vel
438 885 595 928 λωτὸς),
625 884 708 927 ἕχον
732 879 886 927 ἥδιστον

73 932 224 985 καρπὸν
243 934 323 977 (94)
348 939 416 966 etc.
435 951 481 957 —
524 933 608 965 mire
632 930 720 964 dixit
744 928 884 964 ἄνθι-

73 995 158 1016 νον
180 979 316 1025 εἶδαρ
348 979 399 1023 (h
423 991 454 1012 e.
480 976 592 1021 ἔδαρ,
616 979 659 1011 ab
686 976 800 1020 ἔδω),
834 976 884 1008 ci-

75 1030 154 1062 bum
172 1028 339 1071 floridum
371 1025 713 1068 (νο55ιὺ1ίὶ1ιεηιίε
740 1022 883 1066 speise),

74 1075 171 1109 velut
193 1074 341 1113 herbae3
371 1083 437 1116 qua
462 1082 500 1104 re
524 1070 666 1104 adducti
690 1070 796 1103 lotum
816 1070 884 1101 Ae-

75 1119 271 1166 gyptiacam
304 1121 376 1152 Am.
403 1119 448 1158 Q.
483 1121 518 1150 et
543 1116 601 1150 alii
628 1116 883 1154 intellexerunt,

75 1178 149 1201 cum
184 1166 400 1210 significetur
441 1164 609 1197 rhamnus
650 1164 738 1196 lotus
770 1162 884 1200 Linn.,

78 1224 183 1260 germ.
215 1213 277 1245 der
309 1212 445 1245 essbare
473 1209 698 1248 Judendorn,
739 1208 782 1241 de
817 1218 884 1251 qua

78 1259 203 1292 arbore
227 1263 364 1302 praeter
383 1256 549 1289 Volckeri
569 1260 736 1287 auctores.
750 1265 785 1287 v.
806 1264 884 1286 ann.

79 1304 124 1338 ad
148 1304 189 1339 ll.
215 1303 256 1345 ξ’.
281 1304 360 1339 348.
374 1327 384 1343 ,
418 1303 523 1335 Schn.
551 1313 585 1334 v.
612 1298 745 1340 λωτὸς,
780 1299 883 1333 Biihr.

78 1361 156 1384 ann.
182 1351 226 1384 ad
251 1349 379 1383 Herod.
403 1346 446 1388 4,
472 1349 563 1391 177„
588 1352 624 1381 et
648 1346 885 1380 Boissonadeo

69 1396 248 1432 laudatam
281 1395 554 1429 dissertationem
585 1404 661 1426 cum
698 1391 808 1425 Riccii
841 1391 884 1423 de

75 1441 291 1503 ¹Lotophagis
315 1446 351 1474 et
374 1442 464 1482 loto,
478 1445 560 1473 tum
585 1438 816 1473 Desfontainii
841 1437 885 1475 de

75 1487 147 1521 loto
169 1489 459 1533 Lotophagorum‚
487 1485 564 1519 Feii
589 1497 724 1529 quoque
749 1484 885 1517 Floram

72 1534 312 1577 Virgilianam,
334 1533 498 1576 aliosque.
534 1533 637 1565 Schn.
656 1531 816 1565 ἄνθινον
836 1527 885 1563 εἷ-

71 1560 340 1623 3a9⁶i11telligit
363 1578 511 1611 fructum
539 1577 674 1611 arboris
704 1577 795 1609 illius
820 1586 883 1608 va-

70 1626 158 1660 rium
182 1637 244 1659 seu
263 1623 524 1666 multicolorem,
550 1627 687 1656 secutus
711 1622 769 1655 ille
791 1620 883 1654 haud

71 1672 176 1706 dubie
195 1670 375 1716 Polybium
395 1674 431 1703 et
449 1669 604 1713 inprimis
621 1668 775 1705 Plinium.
797 1677 882 1712 quos

72 1719 196 1753 audire
231 1718 296 1751 hac
327 1716 371 1750 de
404 1728 442 1749 re
475 1727 600 1761 operae
637 1715 783 1768 pretium
817 1717 881 1746 est.

72 1764 181 1821 igitur
228 1764 281 1798 Ε.
317 1762 505 1808 Πολύβιος
534 1763 618 1805 (12,
644 1762 722 1803 2.),
751 1759 880 1804 inquit,

73 1806 261 1854 αὐτόπτης
279 1810 370 1858 φησὶ
388 1811 456 1844 τοῦ
478 1810 597 1844 λωτοῦ
616 1805 802 1863 γενέσθαι,
819 1819 883 1840 και

73 1861 183 1893 εἰναι
193 1855 350 1913 δένδρον
382 1869 427 1892 ου
453 1855 567 1901 μέγα,
600 1867 734 1897 τραγυ,
768 1849 884 1888 ἄκαν-

72 1904 218 1945 θῶδες,
254 1901 420 1948 aazia}
407 1902 489 1948 ἕχον
519 1901 640 1957 χλωροὶ
671 1898 785 1957 ὅμοια
813 1898 883 1942 ῥά-

72 1961 175 2008 μνω·
211 1949 397 2007 καρπὸς
428 1949 474 1986 δὲ
507 1945 660 1984 αὐτοῦ
686 1945 770 1991 τὴν
796 1945 881 1989 μὲν

74 1995 219 2053 ἀρχήν
243 1994 409 2039 ὅμοιος
435 1999 622 2035 λευκαῖς
645 1994 878 2051 μυρτίσιν,

71 2041 343 2087 αὐξόμενος
387 2043 433 2079 δὲ
475 2045 656 2088 γίνεται
699 2041 760 2087 τῷ
794 2039 880 2083 μὲν

67 2090 278 2134 χρώματι
304 2091 579 2133 φοινικοῦς,
602 2090 653 2135 τῷ
674 2085 714 2122 δε
733 2076 881 2130 μεγέθει

69 2135 264 2182 γογγύλαις
297 2136 436 2178 ἐλαίαις
468 2136 622 2181 ὅμοιος,
657 2137 806 2179 πυρῆνα
839 2132 880 2169 δὲ

70 2183 142 2228 ἔχει
164 2184 291 2224 τελέως
313 2183 465 2241 μικρόν.
500 2185 640 2227 γίνεται
676 2180 735 2222 δε,
775 2181 880 2225 φησὶ,

70 2230 134 2266 καὶ
158 2228 259 2287 οἶνος
284 2229 321 2274 ἐξ
345 2230 465 2267 αὐτοῦ
489 2229 583 2291 &avg
601 2243 633 2264 κ.
655 2227 881 2264 ἀπολαυστι-

70 2274 158 2318 κὸς,
187 2272 215 2322 ᾦ
241 2291 400 2322 χρωνται
423 2280 534 2335 χωρὶς
560 2275 719 2317 ὕδατος,
745 2288 790 2309 ου
816 2273 879 2319 με’-

71 2336 126 2358 νει
158 2312 201 2359 δέ
234 2323 346 2359 πλέον
390 2326 477 2361 δέκα
510 2323 678 2381 ἡμερων
722 2320 780 2377 διὸ
816 2320 880 2356 καὶ

71 2369 245 2405 ποιοῦσιν
280 2368 395 2406 αὐτὸν
431 2373 483 2412 εἰς
516 2368 634 2416 βραχύ
677 2367 771 2411 πρὸς
811 2366 879 2411 τήν

71 2416 209 2461 χρείαν.
250 2418 402 2452 ποιοῦσι
425 2418 465 2452 δε
490 2418 550 2453 και
576 2417 660 2459 ὄξος
684 2415 721 2458 ἐξ
746 2412 879 2449 αὐτοῦ.

72 2462 204 2496 Plinius
235 2469 346 2498 autem
380 2464 425 2498 H.
449 2465 497 2499 N.
530 2466 592 2505 13,
627 2464 701 2498 17.
745 2462 879 2503 Africa,

71 2520 142 2553 qua
176 2509 291 2554 vergit
323 2510 370 2543 ad
403 2522 484 2553 nos,
517 2511 690 2556 insignem
723 2509 880 2541 arborem

70 2555 165 2589 loton
184 2555 317 2600 gignit,
341 2556 459 2600 [quam
479 2562 602 2590 vocant
621 2555 753 2600 celtirn]
775 2555 881 2596 (haec

70 2600 138 2635 alia
162 2601 299 2635 videtur
324 2602 454 2636 doctis·
478 2613 511 2635 v.
533 2603 739 2637 Billerbeck.
766 2612 800 2645 p.
821 2599 880 2634 54.

70 2653 106 2682 et
128 2645 203 2692 64.)
230 2653 263 2681 et
288 2649 398 2692 ipsam
421 2649 548 2683 Italiae
565 2649 793 2693 familiarem,
819 2647 880 2679 sed

69 2698 164 2728 terra
187 2700 369 2729 mutatam.
402 2695 592 2741 praecipua
614 2699 665 2729 est
691 2695 782 2727 circa
798 2694 834 2726 S
823 2704 881 2736 Jr-

69 2745 119 2775 tes
143 2745 247 2785 atque
274 2741 508 2775 Nasamonas.
543 2741 760 2785 magnitudo.
789 2751 878 2783 quac

66 2787 167 2832 ρίτος
201 2799 399 2833 quanquam
426 2787 539 2831 Nepos
573 2786 706 2832 [Com]
740 2787 876 2820 brevem

69 2833 190 2868 tradit.
238 2834 410 2868 incisurae
434 2834 523 2876 solio
547 2834 754 2874 crebriores,
785 2845 876 2878 quae

67 2879 154 2923 ilicis
177 2879 349 2915 videntur.
387 2881 606 2925 differentiae
626 2880 763 2925 plures,
796 2891 876 2913 eae-

65 2937 132 3006 zue
155 2927 305 2962 maxime
327 2928 500 2972 fructibus
516 2928 623 2970 fiunt.
666 2927 874 2971 magnitudo

91 2984 145 3007 ιιιο
162 2974 292 3017 sabae,
330 2974 424 3008 color
448 2973 564 3015 croci,
600 2972 662 3006 sed
695 2977 775 3006 ante
801 2985 874 3008 ma-

66 3018 241 3055 turitatem
266 3020 351 3054 alius
369 3026 474 3067 atque
499 3020 600 3063 alius,
623 3019 713 3054 sicut
731 3019 766 3053 in
784 3020 870 3054 uvis·

928 463 1085 496 nascitur
1116 461 1241 495 densus
1270 461 1307 494 in
1336 462 1468 505 ramis,
1504 462 1610 505 myrti
1631 461 1743 502 modo,

929 521 1016 549 non,
1041 513 1080 542 ut
1103 508 1140 540 in
1167 508 1295 549 Italia,
1319 509 1454 548 ccrasi;
1479 512 1553 541 tam
1577 509 1671 542 dulci
1694 509 1745 542 ibn·

931 556 1023 594 cibo,
1058 559 1097 588 ut
1131 565 1255 587 nomen
1289 555 1396 587 etiam
1428 557 1529 599 genti
1563 559 1745 598 terraeque

931 601 1078 641 dederit,
1102 601 1203 634 nimis
1220 600 1398 643 hospitali,
1423 601 1638 634 advenarum
1657 602 1745 634 obli-

930 649 1031 680 vione
1048 647 1201 690 patriae.
1235 649 1357 689 serunt
1375 648 1507 680 ventris
1526 658 1595 679 non
1617 648 1747 681 sentire

931 695 1106 733 morbum,
1132 693 1192 736 qui
1215 705 1292 726 eum.
1311 694 1495 727 mandant.
1529 694 1651 726 melior
1671 695 1746 726 sine

931 741 1094 774 interiore
1125 739 1269 780 nucleo,
1310 740 1368 783 qui
1401 740 1438 772 in
1470 740 1580 774 altero
1615 750 1746 783 genere

929 797 1043 820 osseus
1066 786 1216 819 videtur.
1248 786 1366 819 vinum
1387 797 1517 830 quoque
1543 786 1748 829 exprimitur

930 833 1002 873 illi,
1027 832 1138 865 simile
1159 833 1287 872 mulso,
1313 833 1403 876 quad
1426 834 1522 866 ultra
1546 832 1651 865 denos
1671 832 1747 865 dies

929 883 1040 923 negat
1082 879 1210 912 durare
1244 879 1336 912 idem
1370 878 1508 921 Nepos,
1555 879 1747 922 baccasque

930 925 1082 958 concisas
1103 936 1180 958 cum
1204 925 1297 958 alica
1321 925 1369 957 ad
1393 926 1484 958 cibos
1506 925 1608 958 doliis
1632 925 1745 959 condi.

929 972 1012 1016 quin
1049 976 1083 1004 ct
1118 972 1286 1004 exercitus
1313 976 1432 1014 pastos
1465 982 1504 1005 eo
1536 971 1745 1014 accepimus.

929 1020 1019 1051 ultro
1042 1019 1193 1062 citroque
1227 1023 1457 1051 commeantes
1486 1029 1549 1060 per
1574 1017 1745 1060 Africam.

929 1065 1025 1108 ligno
1059 1065 1148 1097 colos
1178 1064 1291 1108 niger.
1340 1065 1388 1097 ad
1423 1064 1589 1098 tibiarum
1623 1068 1745 1097 cantus

928 1111 1112 1154 expetitur.
1146 1122 1164 1143 e
1187 1111 1306 1144 radice
1323 1112 1470 1144 cultellis
1488 1111 1640 1154 capulos,
1667 1111 1747 1143 brn-

906 1172 908 1174 ·
929 1168 1053 1200 aesque
1077 1157 1164 1190 alios
1188 1168 1293 1199 usus,
1326 1158 1539 1202 excogitant.
1586 1158 1672 1190 haee
1696 1155 1746 1189 ibi

929 1208 1061 1236 natura
1086 1205 1229 1236 arboris.
1277 1203 1328 1236 sic
1361 1204 1432 1246 illi,
1467 1215 1509 1237 ex
1534 1203 1657 1247 quibus
1682 1214 1745 1235 ne-

931 1261 1101 1306 quaquam
1125 1249 1218 1283 effici
1238 1249 1388 1292 videtur,
1417 1253 1457 1284 ut
1481 1250 1569 1283 bene
1593 1249 1745 1282 habeant

931 1297 1039 1329 verba
1064 1293 1225 1330 α’νθινον
1251 1293 1356 1339 εἶδαρ
1382 1308 1422 1330 eo
1446 1307 1566 1338 sensu,
1581 1294 1652 1352 qui
1671 1295 1746 1340 pla-

932 1347 988 1374 cet
1012 1342 1272 1386 lexicographo.
1307 1354 1384 1376 nam
1407 1342 1552 1387 primum
1573 1339 1747 1382 ἅνθινος,

931 1399 1005 1420 cum
1030 1393 1084 1422 est
1113 1389 1232 1421 varius
1262 1399 1322 1421 seu
1347 1389 1562 1429 multicolor,
1599 1399 1667 1421 non
1702 1388 1746 1420 de

930 1433 1017 1477 ipsis
1039 1435 1165 1479 plantis
1185 1438 1245 1468 aut
1262 1435 1447 1469 arboribus
1466 1434 1534 1468 dici
1557 1434 1659 1475 solet,
1683 1433 1747 1468 sed

931 1480 1102 1523 figurate,
1134 1486 1172 1514 ut
1197 1480 1288 1524 quod
1312 1481 1435 1514 similia
1459 1480 1580 1514 florum
1605 1480 1746 1524 signifi-

931 1534 1010 1568 cet,
1045 1527 1142 1560 velut
1183 1524 1375 1570 στρωμνάς
1409 1524 1570 1566 &volvas-
1610 1526 1744 1561 dicunt.

930 1571 1054 1605 deinde
1093 1573 1261 1615 Polybius
1305 1573 1455 1607 nonnisi>
1479 1584 1583 1606 unum
1624 1573 1746 1606 eodem

928 1622 1084 1663 tempore
1107 1619 1256 1652 colorem
1284 1619 1371 1653 dicit
1398 1621 1530 1653 fructus
1555 1618 1618 1653 loti
1642 1620 1748 1653 arbo-

928 1664 998 1705 ris,
1033 1664 1162 1698 Plinius
1194 1669 1306 1698 autem
1331 1666 1462 1699 varium
1489 1665 1648 1710 quidem,
1682 1665 1748 1699 sed

928 1710 1119 1752 immaturi,
1158 1723 1233 1745 cum
1259 1711 1370 1745 edulis
1395 1712 1451 1746 hic
1474 1716 1619 1756 agatur,
1654 1711 1689 1748 h.
1713 1723 1746 1746 e.

929 1763 1097 1790 maturus.
1143 1768 1226 1791 sane
1251 1758 1372 1802 inepta
1395 1763 1451 1792 est
1477 1769 1545 1792 vox
1570 1756 1745 1797 ἄνθινον.

928 1815 992 1837 nec
1017 1803 1262 1844 dubitandum,
1293 1805 1375 1849 quin
1401 1805 1514 1839 labem
1548 1804 1746 1850 corruptio-

929 1850 982 1882 nis
1006 1849 1223 1884 sustinuerit.
1261 1851 1349 1891 hoc,
1386 1851 1422 1884 ni
1446 1851 1570 1894 fallor,
1606 1852 1746 1886 dixerat

929 1896 1117 1929 Homerus·
1142 1898 1251 1941 γαίης
1273 1895 1536 1953 Λωτοφάγων,
1564 1896 1603 1933 οι
1626 1896 1748 1933 ἀκάν-

926 1944 1040 1977 θινον
1066 1941 1171 1984 εἶδαρ
1198 1942 1368 1979 ἓδουσινε
1394 1940 1622 1986 οἷκανθινον,
1647 1945 1683 1979 h.
1711 1957 1744 1980 e.

927 1987 1117 2032 ἀκάνθης,
1146 1989 1305 2034 δένδρου
1329 1987 1605 2032 ακανθώδους,
1630 1996 1669 2025 ut
1693 1990 1746 2025 ait

926 2035 1102 2080 Polybius.
1147 2048 1214 2070 non
1255 2037 1329 2070 sine
1365 2038 1617 2072 contemtione
1627 2037 1744 2071 victus

926 2081 1045 2115 inculti
1071 2079 1279 2117 ἀκάνθινον
1296 2084 1442 2129 Ulysses
1465 2089 1572 2118 vocat
1594 2084 1741 2117 fructum

925 2129 986 2162 loti
1013 2130 1136 2172 (germ.
1167 2130 1426 2174 stachelkost),
1454 2130 1742 2184 quemadmodum

928 2179 964 2207 et
990 2173 1209 2219 ἕρέπτεσθαι
1232 2178 1381 2210 fructum
1408 2189 1482 2211 eum
1514 2177 1601 2211 dicit
1628 2176 1743 2210 socios

926 2223 998 2264 97,
1023 2222 1119 2256 velut
1144 2224 1245 2257 bruta
1264 2222 1446 2265 animalia3
1470 2224 1563 2267 quod
1588 2223 1743 2257 imitatus

928 2268 1084 2302 Comicus
1111 2270 1198 2302 bona
1224 2269 1419 2303 habentium
1442 2267 1665 2313 ἐρέπτεσθαι
1686 2269 1743 2302 di-

927 2314 979 2348 xit
1003 2316 1224 2360 Cleonymum
1247 2315 1337 2360 Equ.
1363 2316 1464 2352 1194.
1491 2321 1609 2361 aptum
1634 2314 1743 2361 igitur

926 2362 1120 2394 sententiae
1153 2367 1206 2394 est
1238 2363 1377 2395 verbum
1414 2361 1649 2397 ἀκάνθινονι
1679 2361 1741 2396 sed

925 2406 1012 2440 idem
1038 2407 1201 2441 ductibus
1219 2419 1356 2461 quoque
1378 2408 1568 2443 litterarum
1587 2408 1741 2443 codicum

925 2454 1118 2498 scripturae
1149 2453 1330 2498 congruit,
1364 2454 1531 2499 siquidem
1566 2468 1591 2489 α
1622 2460 1659 2490 et
1691 2467 1742 2496 οι,

926 2501 1018 2543 quod
1044 2500 1251 2534 tralaticium
1273 2505 1348 2540 est,
1372 2501 1524 2546 itemque
1542 2514 1563 2535 κ
1582 2505 1620 2535 et
1641 2515 1662 2536 τ
1686 2501 1739 2544 (v.

926 2556 1004 2579 ann.
1029 2545 1074 2579 ad
1099 2544 1146 2588 α’,
1167 2549 1224 2581 60.
1250 2551 1286 2580 et
1309 2547 1454 2581 inferius
1480 2548 1523 2581 ad
1552 2549 1657 2591 133),
1681 2548 1741 2582 lit-

926 2596 1075 2625 terarum
1096 2593 1314 2626 confusarum
1339 2604 1404 2626 non
1425 2593 1549 2627 desunt
1572 2594 1739 2649 exempla.

927 2637 994 2671 buc
1018 2639 1175 2679 accedit,
1210 2640 1301 2683 quod
1329 2639 1452 2672 similia
1483 2639 1594 2674 omitti
1627 2642 1741 2676 solent

927 2695 989 2738 per
1022 2684 1260 2719 oscitationem
1293 2697 1313 2719 a
1347 2685 1510 2719 librariis.
1567 2687 1740 2722 dederunt

926 2731 1067 2775 itaque,
1098 2728 1268 2785 gliscente
1292 2731 1536 2786 corruptione,
1571 2731 1738 2768 οἱοικοὶν-

922 2779 1048 2820 θἰνον,
1065 2775 1298 2818 οικοὶνθινον,
1313 2775 1547 2819 οἱτάνθινον,
1566 2780 1660 2837 quod
1676 2779 1738 2837 qui

921 2824 1049 2869 primus
1062 2823 1224 2857 distincte
1237 2823 1378 2867 scripsit
1389 2830 1566 2859 corrector
1577 2823 1654 2862 οῖ”τ
1670 2824 1736 2862 ἅν-

919 2873 1054 2911 θινον,
1090 2881 1246 2914 pugnare
1275 2869 1342 2903 sibi
1374 2871 1468 2904 visus
1495 2871 1578 2914 suit,
1600 2873 1735 2918 opinor,

919 2928 995 2951 cum
1014 2928 1055 2951 eo
1075 2917 1152 2960 ipso
1172 2915 1260 2950 viam
1278 2917 1480 2950 emendandi
1501 2918 1712 2954 obstrueret.

966 2975 1065 3010 85-
1077 2975 1131 3009 87.
1165 2971 1334 3018 ἄφυσσ.
1353 2971 1494 3018 υδωρ.
1520 2974 1568 3021 δ’,
1590 2978 1671 3014 359-
1687 2997 1732 3003 -

918 3019 1211 3065 πασσαμεθῆ
1247 3019 1301 3064 α’,
1327 3020 1394 3058 124
1419 3026 1487 3057 etc.
