1846 3282
177 1256 362 1303 epulasque
385 1256 521 1290 instrui.

34 1751 161 1795 ἅπλῶς
196 1751 279 1789 ἀντὶ
312 1753 382 1790 τοῦ
423 1753 589 1799 εἴρηται,
626 1752 719 1790 ἀλλὰ
748 1755 844 1790 κατὰ

34 1798 125 1842 τούς
154 1798 339 1841 παλαιούς
363 1797 447 1836 ἀντὶ
475 1802 543 1836 τοῦ
556 1800 842 1860 πεφλυοὲρηται,

37 1845 112 1886 ἀπὸ
137 1847 205 1882 τοῦ
228 1844 349 1901 βάζω,
375 1846 412 1891 ἐξ
437 1843 483 1882 οὗ
505 1847 567 1885 καὶ
594 1846 612 1889 ὁ
637 1847 740 1892 παρὰ
768 1853 840 1884 Λυ-

36 1893 198 1937 κόφρονι
219 1892 338 1940 βάβαξ
361 1896 511 1937 γίνεται.
537 1913 582 1918 -
624 1893 764 1938 ἄφαρ.
796 1893 843 1937 α’,

36 1939 107 1978 410
129 1944 197 1973 etc.
227 1959 271 1965 —
322 1940 523 1984 φέροιεν
558 1937 626 1975 οἷν.
667 1939 842 1983 ἄελλαι,

36 1986 214 2043 abripiant
229 1987 413 2031 procellae.
440 1988 669 2037 proverbium.
700 1991 772 2023 Am.
794 1989 842 2022 E:

35 2028 168 2073 όμοιον
191 2034 304 2068 τοῦτο
329 2031 487 2077 (τούτῳ)
512 2037 587 2068 εἰπε
611 2035 672 2069 καὶ
694 2032 712 2070 ὃ
719 2033 843 2090 ἅγιος

34 2076 242 2123 Γρηγόριος
267 2076 286 2114 6
305 2079 486 2124 θεολόγος
504 2078 542 2115 ἐν
567 2082 617 2125 τῷ
637 2079 730 2117 κατὰ
752 2081 842 2116 ’Iov—

33 2126 166 2162 λιανοῦ
198 2123 331 2169 πρώτῳ
372 2127 651 2184 Στηλιτευτικῷ.
699 2127 768 2173 ἔχει
801 2124 842 2164 6’

34 2169 176 2212 ουτως·
227 2173 368 2208 τοῦτο
410 2172 492 2230 μὲν
536 2172 591 2217 δὴ
628 2172 678 2208 τὸ
727 2173 841 2231 ἐμὸν

33 2219 219 2275 θαῦμα,
251 2219 328 2255 καὶ
353 2221 398 2255 εἰ
419 2217 504 2264 μὲν
533 2219 734 2263 ψευδὲς,
764 2215 841 2256 αὖ·

34 2278 115 2311 ραι
150 2263 354 2309 φέροιεν
393 2273 459 2301 etc.
513 2267 673 2301 similiter
707 2272 744 2301 et
781 2268 842 2302 alii

33 2312 271 2351 Graecorum,
296 2315 334 2345 et
357 2312 491 2354 Latini,
515 2312 673 2357 aliaeque
695 2319 839 2358 gentes.

34 2368 70 2391 v.
104 2357 147 2391 H.
170 2336 292 2401 δῑερΙι.
327 2369 404 2392 ann.
438 2358 481 2392 ad
517 2362 643 2395 Anacr.
677 2371 712 2403 p.
747 2362 824 2395 162.
817 2384 839 2401 .‚

34 2404 202 2447 Wagner.
233 2406 269 2436 et
297 2402 448 2450 interpp.
473 2404 613 2438 Horatii
645 2406 687 2439 ad
713 2406 781 2440 Od.
810 2409 841 2449 1,

33 2449 102 2490 26,
131 2451 200 2483 1-
210 2449 233 2484 3
256 2453 324 2484 etc.
343 2469 388 2476 —
418 2449 569 2504 ποθὴ,
606 2450 753 2494 πόθος,
778 2453 840 2486 dc-

32 2495 210 2536 uiderim,
230 2499 390 2551 tanquam
407 2495 470 2538 rei,
495 2508 563 2542 qua
581 2509 686 2543 aegre
706 2510 838 2533 careas.

8 2646 17 2649 ·
77 2631 204 2669 418-
212 2633 292 2668 426.
340 2631 547 2678 κήρυκες
576 2633 764 2680 ἀγαυοί.
799 2636 839 2670 n.

20 2675 76 2725 γ’,
99 2680 180 2715 268.
213 2691 245 2715 ν.
271 2678 318 2712 ibi
343 2691 421 2716 nnn.
437 2699 482 2705 —-
506 2681 655 2725 χηλόν.
692 2681 738 2729 β’,
758 2684 840 2718 339.

33 2743 78 2752 —-
120 2722 410 2769 ἀριπρεπέα.
446 2727 524 2762 176.
554 2746 600 2753 -
650 2727 838 2781 α’ρίστη,

32 2772 185 2816 optima,
211 2772 406 2826 aptissima,
433 2773 665 2817 capacissima.
686 2795 729 2801 —
767 2782 842 2817 άμ-

35 2817 90 2862 φὶ
111 2837 155 2843 —-
176 2816 357 2864 ἰήνατε.
400 2819 521 2853 tmesin
554 2826 687 2854 sumunt
715 2826 750 2855 et
775 2823 843 2864 hic,

31 2868 74 2901 nt
101 2863 200 2906 434.
236 2876 300 2899 nec
330 2865 440 2906 male3
479 2876 513 2898 v,
547 2870 659 2900 tamen
691 2867 770 2909 435.
808 2872 844 2901 et

34 2908 163 2950 Μοωι.
195 2912 228 2954 §.
251 2912 332 2948 583
357 2930 402 2936 -
448 2911 648 2955 χαλκὸν,
683 2915 843 2958 τρίποδα

35 2954 200 3003 zoilum,
223 2958 367 2993 lebetem
386 2969 544 2994 aeneum.
578 2970 611 2992 v.
633 2959 752 2996 434—
760 2962 840 2997 437.

487 92 1115 153 ,οΛνΣΣΕΙΑΣ
1173 94 1220 134 Θ,

1617 97 1706 143 263

215 199 384 254 δεινὸν,
414 199 536 255 ἄφαρ
566 201 616 244 τὸ
647 200 827 256 φέροιεν
857 199 1163 256 ἀναρπάξασαι
1192 200 1353 245 ἀέλλαι-

102 260 185 303 410
215 258 284 300 σοὶ
315 257 360 301 δε
387 257 487 303 θεοὶ
517 256 680 326 ἄλοχόν
710 257 750 303 τ’
784 257 941 310 ἰδέειν,
971 258 1046 302 καὶ
1051 257 1254 326 πατρίδ’
1286 261 1474 314 ἱκέσθαι,

213 316 354 365 δοῖεν,
388 312 533 384 ἐπειδή
567 314 682 370 δηθὰ
715 315 857 369 φίλων
887 313 972 359 ἄπο
1001 311 1178 385 πήματα
1205 327 1406 383 πασχεις.
1404 320 1413 337 ’
1430 320 1452 339 ‘

298 348 387 414 Τόν
417 369 462 413 δ’
496 369 848 428 ἀπαμειβόμενος
876 370 1075 426 προσέφη
1104 369 1345 441 πολύμητις
1373 371 1629 423 Οδυσσεύς·

212 457 236 478 „
249 443 322 470 και
352 425 433 479 σὺ,
465 429 617 482 φίλος,
630 430 765 496 μάλα
793 432 935 497 χαῖρε,
965 428 1064 471 θεοὶ
1091 428 1138 470 δέ
1166 444 1235 471 τοι
1269 426 1397 484 όλβια
1429 431 1581 472 δοῖεν]

206 483 314 552 μηδέ
343 485 385 526 τί
417 499 486 527 τοι
516 483 664 540 ξίφεός
693 500 740 538 γε
769 484 896 554 ποθη
927 484 1162 538 μετόπισθε
1189 484 1362 539 γένοιτο

99 542 182 585 415
207 539 393 589 τούτου.
425 538 451 583 ὃ
484 541 538 593 δή
566 557 643 597 μοι
673 542 839 594 δῶκας,
870 539 1163 597 ἀρεσσάμενος
1193 541 1402 585 ἐπέεσσιν.

445 643 554 695 ceteri
578 654 715 688 quoque
739 643 913 677 Phaeaces
939 643 1027 678 dona
1053 644 1254 686 conserunt3

282 704 344 753 'H
370 711 448 782 ῥα,
479 711 556 754 καὶ
586 708 699 766 ἀμφ’
725 708 895 782 ὤμοισι
923 710 1027 754 θέτο
1059 712 1185 767 ξίφος
1217 709 1506 779 ἀργυρόηλον.

211 767 368 811 δύσετό
398 766 440 810 τ’
451 767 634 839 ἠέλιος,
665 768 740 811 καὶ
768 771 830 811 τῶ
859 768 996 810 κλυτὰ
1027 770 1150 821 δῶρα
1178 773 1361 837 παρῆεν.

210 825 285 866 καὶ
314 822 413 879 τοίγ’
445 841 487 875 ες
512 823 758 867 Ἀλκινόοιο
790 823 931 894 φέρον
960 824 1147 896 κήρυκες
1178 823 1362 879 ἀγαυοί·

210 880 436 935 δεξάμενοι
466 878 508 924 δ’
540 879 629 934 ἀρα
661 883 813 931 παῖδες
842 881 1069 936 ἀμύμονος
1095 880 1342 925 Ἀλκινόοιο

96 940 178 984 420
200 938 339 993 μητρὶ
366 935 474 991 παρ’
507 938 653 1006 αἰδοιῃ
685 938 845 981 ἔθεσαν
873 939 1131 992 περικαλλέα
1162 940 1294 991 δῶρα.

206 999 348 1037 τοῖσιν
379 993 422 1036 6'
451 992 683 1049 ἡγεμόνευ’
715 995 835 1048 ἱερὸν
864 994 995 1049 μένος
1019 994 1285 1038 Ἀλκινόοιο·

208 1049 411 1101 ἐλθόντες
441 1051 487 1094 δὲ
499 1050 701 1122 κάθιζον
731 1051 777 1094 ἐν
807 1051 1018 1107 ὑψηλοῖσι
1044 1052 1262 1104 θρόνοισι.

207 1106 262 1164 ’δή
294 1108 351 1163 ῥα
380 1105 474 1150 τότ’
499 1104 681 1165 Ἀρήτην
710 1108 913 1169 προσέφη
941 1110 1072 1166 μένος
1097 1107 1369 1152 Ἀλκινόοιο·

254 1222 318 1248 nec
350 1209 563 1244 liberalitate
594 1221 633 1245 se
666 1210 757 1244 vinci
785 1222 910 1256 passus
934 1212 1096 1247 Alcinous
1124 1212 1284 1258 Ulyssem
1310 1209 1419 1245 lavari
1453 1210 1566 1245 calida
1594 1210 1706 1255 =lubet,

288 1327 497 1376 ,.Δεῦρο,
528 1322 679 1379 γύναι,
712 1322 818 1380 φέρε
848 1325 980 1380 χηλὸν
1011 1323 1239 1378 ἀριπρεπέ’
1250 1357 1269 1392 ⁹.
1291 1341 1385 1380 ητις
1412 1324 1590 1381 ἀρίστη·

96 1384 180 1428 425
213 1397 260 1424 εν
288 1356 334 1423 6’
367 1380 478 1437 αὐτῇ
513 1382 591 1431 θὲς
621 1386 766 1437 φᾶρος
796 1381 1029 1434 ἐυπλυνὲς,
1060 1381 1135 1436 ηὸὲ
1164 1385 1339 1452 χιτῶνα.

209 1435 325 1492 ἀμφὶ
356 1438 402 1480 δέ
434 1439 480 1480 οἵ
507 1439 610 1490 πυρὶ
642 1439 804 1493 χαλκόν
835 1440 1001 1508 ἰιῙυατε,
1019 1439 1215 1496 θέρμετε
1246 1436 1291 1481 δ’
1321 1437 1459 1507 ὕδωρ,

207 1493 327 1548 ὄφρα
356 1493 646 1549 λοεσσάμενός
676 1510 743 1547 τε,
775 1494 885 1538 ἰδων
914 1513 937 1538 τ
988 1497 1036 1538 εὐ
1067 1498 1131 1537 κεί
1166 1512 1243 1538 ενα
1273 1494 1416 1538 πάντα

205 1552 350 1603 δῶρα,
380 1550 435 1592 τά
467 1551 511 1593 οἷ
541 1552 729 1606 Φαίηκες
759 1549 980 1606 ἀμύμονες
1010 1514 1213 1595 ένθάδι’

156 1611 175 1632 *
205 1608 321 1651 δαιτί
348 1623 393 1651 τε
422 1607 648 1664 τέρπηται,
680 1607 755 1651 καὶ
785 1607 937 1665 ἀοιδῆς
965 1607 1111 1665 ὕμνον
1141 1606 1335 1652 ἀκούων.

1158 1550 1168 1566 ’
1200 1551 1246 1594 ἔν
1252 1567 1388 1604 εικαν,

936 1754 1014 1791 429.
1064 1753 1232 1799 ἀοιδῆς
1262 1751 1602 1799 θμνον.1οςῖῐι11·
1636 1766 1703 1788 vox

888 1798 1008 1846 ν’μνος
1040 1803 1096 1836 hic
1126 1808 1259 1836 tantum
1293 1802 1329 1834 in
1361 1807 1508 1845 utroque
1540 1800 1702 1842 carmine,

890 1849 1052 1894 quodque
1077 1849 1185 1892 majus
1209 1852 1409 1882 momentum
1437 1849 1561 1901 habet,
1586 1848 1702 1901 inepte

889 1904 993 1940 atque
1016 1895 1202 1928 insolenter
1237 1894 1362 1927 dictum
1395 1899 1448 1927 est
1478 1889 1597 1936 ’ὕμνος
1619 1891 1700 1928 ἀοι-

889 1943 969 1985 δῆς.
1005 1953 1112 1985 quare
1138 1952 1261 1974 vereor
1287 1952 1328 1973 ne
1352 1940 1414 1973 hoc
1435 1940 1616 1974 habuerint
1638 1952 1701 1973 ve-

887 1992 985 2022 tusta
1010 1987 1237 2031 exemplaria.
1265 1984 1397 2041 ἀοιδῆς
1418 1985 1542 2045 οἷμον.
1576 1987 1700 2042 hymno

887 2034 922 2067 in
949 2034 1056 2068 Merc.
1086 2033 1187 2068 45οε
1224 2032 1284 2067 καὶ
1316 2031 1385 2077 γὰρ
1411 2032 1477 2076 ἐγώ
1504 2031 1702 2090 Μουσησιν

885 2078 1196 2135 Ὀλυμπιάδεσσιν
1221 2077 1384 2135 όπηδὸς,
1415 2080 1510 2126 Τῇσι
1532 2081 1640 2123 χοροί
1662 2090 1700 2112 τε,

887 2140 931 2171 με
917 2126 1060 2164 ε’,λουσι
1085 2125 1147 2160 καὶ
1172 2123 1306 2181 ἀγλαός
1331 2138 1437 2167 οιμος
1450 2100 1606 2169 ἀοιδῆς.
1650 2124 1699 2158 ibi

887 2173 997 2207 codex
1016 2173 1168 2206 Moscov.
1183 2184 1192 2205 e
1214 2184 1332 2214 ὐμνος
1350 2170 1494 2214 ἀοίδῆς.
1530 2171 1613 2218 quid
1636 2170 1700 2205 du-

887 2220 1056 2260 bitemus,
1099 2218 1152 2251 hic
1185 2219 1304 2252 eadem
1339 2219 1468 2253 chorda
1500 2219 1698 2252 oberratum

888 2267 992 2300 esse?
1023 2269 1119 2299 certe
1144 2277 1181 2298 οι
1205 2270 1239 2299 et
1263 2278 1286 2299 v
1321 2264 1521 2310 permisceri
1547 2264 1637 2298 inter
1661 2275 1698 2297 se

887 2313 1013 2353 solere,
1037 2315 1105 2345 tam
1129 2315 1243 2345 notum
1268 2316 1323 2345 est
1344 2323 1446 2356 quam
1472 2310 1563 2356 quod
1589 2309 1697 2343 maxi-

887 2370 952 2398 me,
977 2363 1013 2392 et
1035 2356 1188 2408 proclive
1206 2357 1271 2391 fnit
1289 2357 1406 2398 scribi,
1431 2357 1598 2402 gliscente
1619 2367 1697 2389 cor-

887 2404 1059 2449 ruptione,
1085 2416 1195 2444 νμον,
1218 2398 1327 2446 ὗμον,
1351 2416 1482 2447 υμνον.
1519 2407 1696 2455 praeterea

887 2451 999 2494 οἶμην
1030 2448 1129 2483 simili
1162 2461 1262 2483 sensu
1295 2449 1372 2495 ipse
1408 2451 1577 2483 Homerus
1608 2447 1696 2481 dixit

887 2496 920 2529 in
960 2495 1213 2550 superioribus,
1250 2496 1306 2531 74.
1343 2496 1389 2530 cs.
1421 2496 1500 2530 481.
1548 2495 1603 2528 Ε·
1636 2489 1696 2529 ὅτι

884 2541 1018 2577 καινόν
1037 2555 1071 2576 τι
1091 2543 1229 2598 σχῆμα
1229 2543 1290 2576 καὶ
1311 2541 1353 2577 τὸ
1374 2541 1517 2597 δοιιτί
1528 2552 1575 2575 τε
1598 2538 1695 2581 τέρ-

885 2601 1035 2632 πηται
1069 2601 1100 2622 κ.
1135 2586 1171 2622 ἀ.
1209 2585 1363 2633 ὕμνον
1399 2584 1600 2622 ἀκούων.
1648 2584 1695 2631 ἦν

884 2649 956 2680 γαρ
989 2636 1107 2670 εἰπεῖν
1142 2635 1271 2670 δαιτί
1303 2646 1348 2669 τε
1373 2647 1404 2668 τ.
1428 2633 1507 2668 καὶ
1534 2629 1694 2679 ἀοιδῇ,

885 2681 905 2717 ὁ
925 2681 965 2717 δὲ
984 2676 1141 2735 ποιητὴς
1157 2680 1373 2722 καινότερον
1394 2679 1488 2714 noeto}
1511 2680 1694 2735 περίφρα-

885 2741 942 2763 σιν
971 2725 1221 2773 ἐσχημάτισεν.
1271 2725 1416 2773 ὕμνον
1452 2723 1492 2760 δε
1522 2723 1695 2784 ἀοιδῆς

888 2775 1182 2817 περιφραστικῶς
1212 2772 1279 2817 τὴν
1314 2767 1416 2816 ῷδὴν
1440 2771 1550 2827 λέγει·
1584 2770 1622 2816 ἐξ
1647 2767 1693 2808 οὗ

889 2820 1011 2867 λαβών
1030 2834 1091 2854 και
1105 2819 1321 2862 Πίνδαρος’
1307 2821 1443 2864 ομοίως
1459 2815 1589 2863 φράζει
1605 2821 1695 2855 πολ-

888 2870 1015 2911 λαχοῦ.
1063 2871 1100 2899 at
1132 2877 1297 2910 nusquam
1342 2865 1376 2899 id
1414 2865 1505 2900 dixit
1536 2866 1694 2909 loricus,

889 2916 976 2949 dixit
1001 2915 1086 2948 haec
1111 2919 1146 2945 et
1164 2912 1285 2946 similia
1310 2908 1402 2947 ὁδὸν
1419 2911 1537 2955 λόγων
1560 2911 1638 2965 (0¹.-
1662 2914 1694 2952 1,

892 2961 1010 3006 176.,)
1035 2957 1152 2996 ἐπέων
1176 2957 1284 3005 οἶμον
1312 2959 1387 3005 (ΟΙ.
1410 2962 1444 3002 9,
1461 2960 1560 3004 72.)=
1587 2957 1694 3004 igitur
