1856 3282
525 91 1118 136 ΟΔῬΣΣΕΙΑΣ
1174 94 1225 131 Α.

1667 98 1724 137 29

270 196 402 251 patrem
427 203 551 239 adesse
575 204 672 251 cupit
695 202 924 239 Telemachus
948 204 1092 247 propter
1116 200 1330 247 insolentiam
1356 213 1550 248 procorum.

109 278 191 318 230

283 273 373 343 Τὴν
403 271 443 316 6'
473 267 531 316 αὖ
552 272 810 342 Τηλέμαχος
837 269 1112 323 πεπνυμένος
1141 267 1295 312 ἀντίον
1323 269 1462 325 ηύδα·

223 328 365 381 »ξεῖν’
377 362 388 381 ,
420 328 511 371 ἐπεὶ
543 328 597 383 ἀρ
627 329 686 398 δὴτ
709 326 849 371 ταῦτά
879 325 930 395 μ’
963 326 1155 380 ἀνείρεαι
1181 324 1258 395 ἠδὲ
1291 332 1519 393 μεταλλᾷς,

220 386 371 440 μέλλεν
399 384 478 440 μέν
506 402 610 429 ποτε
640 390 762 435 οἰκος
792 380 862 427 ὅδ’

871 381 1081 453 ἀφνειός
1109 382 1184 425 καὶ
1214 381 1403 440 ἀμύμων

220 442 421 511 ἔμμεναι,
449 441 554 497 ὄφρ’
589 444 651 485 ἔτι
679 446 825 491 κεῖνος
855 437 970 494 ἀνὴρ
1002 439 1232 507 ἐπιδήμιος
1262 441 1364 494 ἦεν·

217 504 305 543 νῦν
335 497 377 542 δ’
409 498 564 553 ἑτέρως
592 497 801 569 ἐβόλοντο
831 496 929 539 θεοὶ
960 495 1075 539 κακὰ
1104 494 1382 563 μητιόωντες,

106 559 188 602 235
219 558 263 599 οι
294 560 443 599 κεῖνον
472 557 552 611 μὲν
583 555 736 598 ἄϊστον
764 553 978 620 ἐποίησαν
1007 552 1106 607 περὶ
1135 551 1315 596 πάντων

220 610 486 666 ἀνθρώπων.
536 612 628 656 ἐπεὶ
658 609 714 655 ού
743 627 791 654 κε
819 609 1008 653 θανόντι
1037 625 1118 661 περ
1151 605 1234 652 ὧδ’
1264 608 1522 667 ἀκαχοίμην,

219 670 256 712 εἰ
283 668 390 724 μετὰ
421 667 486 720 οἷς
515 667 709 722 ἑτάροισι
738 665 852 722 δαμη
887 664 1053 720 Τρωων
1082 664 1147 709 ἐνὶ
1177 665 1317 733 δήμῳ,

218 723 268 780 ἡε
299 727 462 797 ‹pt'stcov‘
471 727 517 769 ἐν
547 725 717 781 χερσὶν,
749 724 838 767 ἐπεὶ
868 722 1064 777 πόλεμον
1095 721 1350 767 τολύπευσε.

218 786 280 837 τῷ
312 783 387 826 κέν
418 784 462 826 οἱ
488 782 656 840 τύμβον
685 781 766 836 μὲν
795 781 1003 834 ἐποίησαν
1033 780 1298 850 Παναχαιοὶ,

107 842 191 884 240
217 827 296 894 ἠδέ
325 856 374 883 κε
402 839 477 882 καὶ
508 840 542 895 ᾠ
572 839 697 882 παιδὶ
730 838 839 893 μέγα
873 836 999 886 κλέος
1027 833 1157 891 ἤρατ’
1190 834 1376 880 ὀπίσσω.

219 900 304 938 νῦν
334 898 380 940 δὲ
388 912 486 963 μιν
514 884 696 946 ἀκλειῶς
713 894 924 948 Ἀρπυιαι
960 891 1279 947 ἀνηρείψαντο·

204 951 335 1009 ᾤχετ’
369 951 541 1006 ἄϊστος,
574 951 791 1004 α’πυστος,
820 950 918 1006 ἐμοὶ
948 948 990 992 δ’
1023 948 1187 1001 ὀδύνας
1216 965 1282 1004 τε,
1306 948 1441 1006 γόους
1470 965 1528 1002 τε,

46 1122 170 1156 mutari
206 1121 242 1156 in
274 1124 399 1157 breves
434 1122 547 1158 solent
583 1135 640 1169 ap.
668 1124 862 1157 Homerum.

46 1172 118 1202 Am.
151 1168 180 1202 B
218 1175 254 1203 et
287 1169 344 1209 Q·

45 1213 206 1259 εύωχία,
251 1214 289 1251 ἐν
335 1213 356 1260 ᾗ
392 1216 489 1251 κατὰ
527 1218 626 1257 εἴλας
667 1218 862 1251 πίνουσιν·

43 1260 222 1317 ἔρανος
253 1261 369 1318 (δε)
413 1261 435 1307 ἡ
470 1262 509 1297 ἐκ
549 1263 681 1298 κοινοῦ
715 1262 863 1307 εὐωχία.

12 1304 213 1349 Ἠσίοδος
237 1305 309 1350 (''E.
329 1309 442 1352 721.),
467 1309 516 1344 ἐκ
539 1309 713 1344 κοινοῦ
737 1310 863 1343 πλεί-

910 1134 974 1164 το,
1001 1119 1085 1167 ἤτοι
1110 1119 1392 1181 εβουλεύσαντο,
1417 1117 1467 1160 ὣς
1490 1116 1532 1154 τὸ
1563 1118 1719 1162 Τρωσὶ

381 1170 614 1214 εἰλαπίνη
661 1167 684 1215 ἡ
718 1171 865 1204 πολλῶν
911 1165 952 1204 6
978 1167 1211 1214 ἐβούλετο
1237 1169 1374 1212 νίκην
1404 1167 1464 1210 (ll.
1487 1164 1533 1211 η’,
1557 1167 1646 1209 21.).
1672 1184 1726 1190 -·

909 1215 1031 1250 κακά
1059 1228 1173 1259 μητι
1191 1216 1341 1250 όωντε
1358 1227 1404 1256 ς,
1425 1214 1521 1293 πίἱιῑα
1533 1214 1721 1301 ιηῗέἰιαπ-
1715 1231 1722 1238 -

908 1240 1423 1363 ²e⁸233¹2⁵35¹3f¹‘²⁵.323’232{’.
1441 1272 1555 1362 1,.ηέ
1577 1264 1723 1346 ..z-...⁶321

50 1366 132 1398 στη
158 1367 206 1390 τε
231 1353 320 1397 (sic)
343 1353 507 1399 χάρις,
540 1356 581 1391 τό
607 1352 763 1400 κόσμιον
787 1356 863 1389 τῶν
912 1350 1081 1397 οἶφανὴς,
1113 1351 1377 1398 οἷνιστόρητος,
1412 1356 1494 1388 οἱον
1518 1349 1722 1407 ἄγνωστος,

45 1399 190 1446 ἐράνων
216 1401 355 1456 δηλῶν.
383 1402 417 1436 εἰ
437 1400 506 1445 μὶρ
531 1416 581 1447 ην
606 1401 748 1445 ἔρανος,
773 1414 855 1446 φει-

46 1447 175 1485 δωλως
210 1443 367 1490 ἤσθιον,
403 1460 452 1487 ως
477 1449 557 1483 ἴδια
581 1448 782 1486 ἐσθίοντες.
809 1448 853 1480 cs.

45 1492 89 1534 λ’,
113 1494 193 1533 415,
227 1492 266 1525 11.
292 1491 336 1533 κ’,
369 1495 450 1539 217.
483 1495 526 1528 de
560 1493 678 1539 ἐράνῳ
704 1495 737 1527 Ν
765 1504 857 1527 com-

44 1539 162 1594 Rarari
191 1538 293 1592 jussit
324 1540 403 1574 375.
440 1545 475 1573 et
498 1540 544 1584 δ’,
571 1530 783 1576 621-624.
810 1559 855 1563 -

47 1583 188 1626 ὥστε,
222 1580 290 1625 ὥς,
333 1586 506 1629 quoniam.
550 1593 655 1631 negat
694 1586 748 1618 hic
781 1596 856 1619 esse

46 1631 180 1665 modum
214 1630 393 1675 epulandi;
429 1643 474 1666 ex
509 1644 574 1677 quo
611 1632 764 1677 colligit,
789 1643 855 1664 non

45 1680 90 1712 de
122 1677 282 1722 symbolis
317 1658 420 1712 edei-e
454 1690 600 1722 prows,
632 1679 692 1713 sed
719 1678 856 1721 Ulyssis

44 1725 135 1758 bona
168 1722 357 1758 insolenter
390 1726 578 1758 absumere.
602 1745 648 1750 -—
673 1724 856 1768 αἴσχεα,

0 1762 1 1775 ’
41 1770 337 1856 ξῖοόναὲίἳωρίὶα
367 1771 462 1804 dictu
494 1771 550 1804 vel
574 1773 680 1805 factu.
706 1770 749 1812 τ,
739 1772 856 1851 ,,ά373

110 1829 130 1859 γ
271 1827 325 1849 ec
360 1816 659 1858 -πινυτός,
717 1830 757 1851 ru
785 1829 856 1858 ens,

46 1863 229 1896 modestus.
255 1861 299 1905 δ’,
320 1864 403 1904 211,
428 1864 468 1897 ll.
493 1877 517 1908 η
531 1864 634 1905 ,289
649 1829 729 1898 εἰ).

91 1909 173 1947 231,
197 1908 276 1942 232.
324 1912 398 1944 Am.
421 1910 466 1944 B:
502 1911 752 1955 μεταλλᾷς.
787 1923 856 1945 πο-

48 1935 327 1997 λυπραγμονεῖς,
351 1953 427 1991 απὸ
451 1958 666 2001 μεταφορᾶς
690 1958 764 1991 τῶν
789 1969 855 1999 με-

46 2002 201 2036 τάλλων.
226 2001 280 2045 (¹3)
314 2013 346 2038 v.
372 2014 449 2036 ann.
488 2005 532 2037 ad
556 2004 596 2038 ΙΙ.
621 2002 667 2044 α’,
694 2005 763 2038 550
788 2010 857 2039 etc.

45 2045 295 2090 -μέλλεν,
302 2050 482 2102 oportuit.
506 2051 552 2086 cf.
577 2049 620 2093 6'‚
644 2051 723 2093 138,
746 2050 794 2091 N,
821 2056 857 2084 et

42 2092 427 2136 1111η.11(111.α’,564.

88 2138 169 2174 234.
225 2140 293 2175 Pro
337 2143 480 2185 vulgata
520 2141 697 2188 ἐβαλοντο
737 2142 856 2186 recepi

45 2185 320 2230 exquisitiorem,
357 2195 397 2220 ut
433 2189 541 2222 visum
567 2188 854 2232 est‚Har1ejani

43 2231 242 2272 lectionem,
275 2244 374 2278 quam
401 2239 436 2267 et
462 2236 608 2269 asseruit
632 2215 784 2269 ἰζυεηίυε
811 2235 855 2267 ad

45 2278 193 2321 Gregor.
205 2278 248 2312 D.
262 2279 348 2313 Dor.
369 2283 401 2323 ἓ.
415 2282 448 2314 8.
469 2282 641 2325 Ηε5)ο..11
667 2279 854 2335 ἐβόλοντο,

44 2322 252 2368 ἐβούλοντο.
279 2326 318 2360 Β.
343 2336 440 2360 recte
459 2328 680 2369 Boissonad„
704 2339 767 2361 nec
787 2327 852 2360 nisi

44 2370 198 2414 sphalma
219 2370 433 2406 librariorum
452 2385 529 2408 esse
548 2378 632 2419 puto
652 2374 743 2409 istud
767 2371 853 2419 ἐβά-

45 2418 177 2456 λοντο,
207 2418 298 2460 quod
329 2417 363 2451 in
390 2421 429 2452 A.
467 2421 499 2454 4.
535 2426 571 2453 et
604 2420 694 2465 apud
726 2420 848 2465 Steph.

44 2466 148 2506 atque
171 2463 378 2498 recentiores
403 2465 531 2510 legitur
547 2478 609 2511 pro
635 2465 850 2513 ἐβούλοντο,

47 2518 121 2541 cum
146 2517 242 2540 nemo
266 2508 422 2554 ignoret,
446 2525 470 2546 α
494 2518 530 2546 et
555 2525 599 2547 ov
624 2514 748 2547 similia
773 2524 849 2558 per

47 2552 170 2588 mutari
203 2553 313 2587 solere
348 2556 384 2590 in
415 2559 618 2600 codicibus3
652 2559 851 2604 ἐβούλοντο

28 2605 162 2633 .autem
194 2598 433 2644 interpretatio
468 2611 521 2638 est
553 2606 696 2640 rarioris
722 2608 852 2640 formae

46 2645 232 2690 ἐβόλοντο.
258 2647 303 2679 cf.
328 2651 405 2682 ann'.
429 2650 472 2684 ad
492 2651 531 2684 ll.
548 2650 588 2692 λ’,
601 2653 680 2687 319.
712 2654 751 2687 A.
773 2653 851 2697 qui-

46 2692 120 2726 dem
145 2693 198 2727 2.
233 2689 408 2736 ἑόλοντο,
436 2697 458 2742 β
482 2697 611 2732 inserto
637 2702 716 2754 post
741 2712 757 2734 ε
780 2711 852 2732 ma-

44 2749 89 2772 nu
119 2737 280 2772 secunda.
315 2739 526 2776 8011υ1.11·
570 2742 848 2799 ἐβουλοντο

45 2784 126 2828 (scr.
154 2781 416 2830 ἐβόλοντο)
446 2785 586 2846 Ἰωνική
622 2789 792 2837 συστολή
803 2814 848 2819 —-

43 2831 87 2866 A.
111 2830 281 2872 EetQ.
322 2832 409 2867 νῦν
441 2830 482 2868 6'
506 2847 565 2869 ετ.
591 2837 848 2894 βούλοντο.

44 2869 195 2960 qtae-fl
155 2875 195 2922 ἐβ
197 2875 433 2915 ουλεύσαντο.
461 2879 555 2921 τινὲς
574 2881 614 2917 δὲ
635 2883 847 2929 γράφουσιν

71 2922 284 2968 βάλοντο
316 2926 453 2968 θεοὶ,
486 2925 569 2962 «ivri
599 2932 670 2965 τοῦ
692 2932 846 2986 μετέβα-

42 2970 119 3006 λον.
140 2968 212 3015 ἔχει
233 2970 362 3015 μέντοι
384 2971 494 3018 λόγον
519 2973 581 3010 και
603 2975 646 3012 τό
670 2975 845 3023 ἐβούλον-

903 1412 1004 1444 παθα
1027 1413 1071 1434 TO
1104 1400 1154 1444 μή
1179 1413 1337 1445 γνῶναι,
1372 1411 1446 1435 ano
1474 1399 1544 1434 τοῦ
1547 1403 1670 1454 ultimi«,
1696 1410 1718 1434 0

902 1433 979 1480 ἐστι
1013 1447 1169 1489 γνῶναι·
1206 1445 1356 1491 οἴχετ’
1399 1445 1506 1489 (sic)
1539 1441 1719 1486 ἄιστος,

905 1489 1137 1533 ἄπυστος.
1173 1493 1293 1537 (242.)
1318 1491 1477 1526 similiter
1500 1491 1582 1525 Sch.
1611 1492 1654 1526 ad
1679 1492 1720 1525 11.

904 1537 946 1580 ξ’,
974 1538 1055 1573 258.
1081 1545 1115 1571 et
1134 1538 1203 1572 alii.
1254 1537 1429 1573 Germani
1437 1537 1474 1571 id
1500 1537 1618 1571 dicunt
1640 1549 1719 1571 ver-

902 1564 1063 1617 sc’hollen.
1091 1584 1187 1619 Voss.
1213 1585 1315 1619 242·
1307 1610 1314 1618 .
1340 1585 1456 1618 uedcr
1477 1584 1609 1628 gesehn
1632 1584 1719 1618 noch

902 1631 1039 1675 gehiirt.
1060 1651 1105 1656 ——
1125 1632 1236 1673 περὶ
1261 1629 1458 1666 πάντων
1484 1630 1608 1672 aiva,
1629 1642 1720 1675 prae

903 1677 1025 1710 ceteris
1050 1677 1254 1711 hominibus.
1277 1679 1405 1714 Matth.
1429 1679 1461 1719 ἓ.
1480 1677 1561 1711 589.
1581 1680 1717 1712 -θα-

902 1722 1039 1758 νόντι
1074 1723 1205 1768 ἀκαχ.
1240 1731 1375 1758 mortno
1399 1723 1457 1756 illo
1483 1723 1719 1758 contristarer.

904 1767 1092 1814 ακαχήμει
1096 1784 1138 1805 ον
1156 1772 1278 1805 ἵππων
1299 1771 1387 1804 dixit
1408 1769 1448 1810 λ’,
1469 1771 1549 1804 702.
1572 1774 1609 1802 et
1632 1769 1719 1804 alias

903 1828 1039 1860 quoque
1064 1817 1251 1861 genitivum
1278 1795 1472 1873 usurpavit.
1489 1835 1537 1840 —
1563 1814 1616 1859 ἠὲ
1648 1818 1720 1859 φί-

902 1866 1002 1897 λων.
1022 1863 1085 1906 (19
1107 1870 1174 1897 etc.
1184 1864 1200 1907 )
1220 1875 1308 1903 τους
1330 1862 1535 1907 ἑτάρους
1552 1861 1626 1898 ἀπὸ
1643 1876 1720 1898 των

904 1912 1054 1953 φίλων
1080 1911 1217 1953 διαιρεῖ
1242 1907 1260 1945 ὁ
1287 1924 1324 1943 π.
1337 1909 1410 1945 ὀἱ
1433 1908 1500 1954 μὲν
1525 1907 1594 1953 γαρ
1620 1909 1719 1945 εταῖ-

903 1969 979 1999 ροι
989 1955 1024 1990 οὶ
1057 1944 1408 1999 προσόικειωθέντες
1443 1955 1540 1991 κατὰ
1577 1958 1718 2000 φιλίαν,

904 2016 939 2038 οι
964 2001 1004 2037 δὲ
1031 2004 1144 2058 φίλοι
1159 2005 1292 2038 οἰκεῖοι
1310 2017 1340 2038 κ.
1363 2002 1458 2039 κατὰ
1475 2002 1580 2047 γένος
1593 2015 1716 2059 προσ-

902 2048 1077 2093 ήκοντες,
1114 2046 1234 2093 ω’σπερ
1269 2047 1288 2085 ὁ
1327 2049 1419 2096 ἔτης.
1455 2049 1535 2085 ε’ται
1559 2047 1629 2094 γὰρ
1653 2049 1718 2085 καὶ

904 2097 940 2131 οὶ
975 2095 1179 2138 συνέστιοι,
1212 2098 1372 2141 ῃείτονες
1414 2095 1454 2131 δε
1489 2095 1526 2131 οἱ
1561 2098 1716 2142 πλησίον

901 2142 1091 2185 μένοντες·
1126 2143 1342 2186 γείτονες
1368 2141 1450 2188 ἠδὲ
1483 2141 1586 2177 ἔται
1621 2146 1716 2179 Με-

902 2187 1089 2224 νελάου
1122 2191 1420 2233 κυδαλίμοιο
1455 2187 1518 2234 (δ’,
1546 2191 1620 2245 16.)
1646 2196 1715 2225 etc.

903 2236 957 2269 Ex
982 2240 1057 2270 Am.
1094 2235 1123 2268 E
1150 2241 1184 2270 et
1217 2237 1262 2276 Q.
1289 2256 1332 2261 —
1356 2237 1452 2291 Ap.:
1485 2234 1717 2273 τολύπευ-

902 2293 993 2316 σεν.
1029 2280 1309 2326 κατειργάσατο.
1342 2278 1435 2319 ὅθεν
1475 2282 1537 2318 καὶ
1574 2297 1597 2327 η
1640 2284 1717 2318 τῶν

901 2327 1010 2372 ερίων
1034 2329 1175 2373 τολύπη
1198 2329 1350 2383 λέγεται.
1377 2328 1396 2364 ὁ
1426 2327 1466 2364 δε
1488 2326 1717 2374 Ηλιόδωρος

900 2376 1089 2429 διείλησεν.
1124 2382 1176 2409 est
1212 2376 1300 2409 haec
1335 2375 1585 2433 interpretatio
1616 2377 1717 2412 verbi

897 2419 1115 2457 τολυπεύειν
1149 2433 1250 2456 sensu
1282 2421 1439 2467 proprio.
1474 2423 1518 2457 cf.
1553 2420 1600 2465 δ’,
1633 2423 1716 2465 490,

896 2468 937 2504 11.
961 2468 1004 2511 ξ’,
1029 2470 1076 2504 86
1098 2473 1165 2502 etc.

944 2515 1142 2550 239-242.
1190 2515 1482 2559 Παναχαιοί.
1504 2513 1545 2558 ξ’,
1557 2515 1648 2571 369,
1672 2515 1715 2550 11.

901 2558 948 2606 β’,
973 2560 1042 2596 404
1068 2565 1134 2594 etc.
1159 2580 1203 2586 —
1227 2561 1347 2605 μέγα
1372 2560 1516 2602 κλέος
1550 2557 1715 2607 ἤρατο,

898 2618 1068 2651 magnam
1099 2608 1251 2652 gloriam
1287 2609 1382 2663 apud
1417 2613 1571 2651 posteros
1593 2621 1716 2654 repor-

899 2659 1022 2688 tasset.
1049 2651 1094 2695 6¹,
1121 2655 1200 2695 107,
1225 2654 1265 2689 11.
1291 2655 1332 2696 ξ,
1357 2656 1427 2689 510
1454 2659 1521 2688 etc.
1546 2673 1593 2680 —
1617 2655 1714 2690 sch.-

889 2695 1112 2743 Ἅρπυιαι
1136 2701 1310 2744 δαίμονες
1335 2714 1354 2742 η
1384 2697 1514 2744 ἄνεμοι
1534 2696 1715 2757 ἁρπακτι-

897 2748 966 2781 κοί.
996 2744 1038 2789 ξ’,
1062 2747 1143 2786 371,
1169 2759 1214 2788 υ,
1238 2749 1296 2788 77,
1322 2758 1399 2780 ann.
1425 2747 1469 2781 ad
1493 2747 1533 2781 Il.
1560 2745 1611 2790 π’,
1631 2749 1713 2784 150.

897 2791 943 2835 δ’,
972 2772 1070 2827 727'.=
1096 2794 1166 2826 νῦν
1190 2789 1240 2827 αὖ
1264 2789 1374 2827 παῖδ’
1401 2789 1593 2839 ἀγαπητὸν
1610 2791 1711 2852 οἰνη-

896 2841 1076 2882 ρείψαντο
1111 2837 1266 2874 θύελλαι
1297 2836 1418 2875 'Anaia
1452 2838 1491 2874 ἐκ
1524 2840 1708 2887 μεγάρων.

892 2886 1048 2920 similiter
1071 2884 1115 2918 de
1139 2886 1342 2929 Ganymede
1375 2885 1415 2921 ΙΙ.
1439 2884 1486 2929 ν’,
1512 2888 1611 2924 234..
1642 2888 1710 2925 τὸν

892 2932 954 2968 καὶ
979 2928 1230 2975 ἀνηρείψαντο
1251 2933 1351 2974 θεοὶ,
1375 2932 1443 2967 Διὶ
1465 2912 1707 2990 όίνοχοεύειν.

891 2977 1136 3020 -ἄϊστος,
1167 2979 1207 3014 11.
1231 2977 1276 3022 ξ’,
1299 2981 1379 3016 258.
1409 2999 1447 3006 -
1476 2977 1704 3027 ἄπυστος,
