1856 3282
525 164 1095 206 ΟΔΤΣΣΕΙΑΣ
1151 166 1197 211 Ξ.

484 318 768 344 ἱῖἱῖἱῖἱῖ

1588 158 1670 200 193

201 385 338 430 αὐτοῦ
366 385 454 439 πὰρ
484 384 632 440 νήεσσι
660 386 827 456 μένειν,
854 386 928 428 καὶ
955 387 1063 440 νῆας
1093 383 1290 436 ε’ρυσθαι,

198 442 389 512 ὀπτῆρας
415 443 461 485 δὲ
487 441 598 484 κατὰ
627 441 810 493 σκοπιὰς
837 457 1012 496 mtovvoe
1036 439 1235 484 νέεσθαι·

199 500 242 541 οἱ
272 498 314 541 δ’
344 497 470 569 ὕβρει
499 499 703 552 εἴξαντες,
739 497 1020 568 ἐπισπόμενοι
1047 495 1174 565 μένεϊ
1194 498 1307 563 σφῷ,

85 557 167 601 265
198 552 306 604 αἶψα
334 553 434 609 μάλ’
467 556 719 609 Αἰγυπτίων
748 553 925 608 ἀνδρῶν
948 552 1229 623 περικαλλέας
1258 551 1419 604 ἀγροὺς

192 610 411 665 πόρθεον,
442 610 489 654 ἐκ
519 610 565 654 δὲ
592 615 802 666 γυναῖκας
831 611 962 682 ἄγον,
992 610 1065 654 καὶ
1092 607 1226 664 νήπια
1255 607 1396 660 τέκνα,

198 666 360 718 αὐτούς
388 666 431 710 τ’
461 667 664 710 ε’κτεινον.
681 667 830 738 Ἡτάχα
860 666 903 711 δ’
934 666 978 718 ἐς
1005 664 1134 710 πόλιν
1162 661 1268 708 ἵκετ’
1301 661 1425 718 dvm,

195 724 239 766 οἷ
268 722 315 766 δὲ
343 726 450 779 βοῆς
479 722 646 775 ἀῖοντες
676 722 752 778 αμ’
779 723 858 776 ηὀῖ
884 721 1210 778 φαινομένῃφιν

196 774 359 836 ἦλθον·
389 784 523 836 πλῆτο
558 779 603 823 δὲ
631 783 720 823 πᾶν
747 780 902 822 πεδίον
933 781 1069 831 πεζῶν
1096 793 1161 829 τε,
1192 776 1267 820 καὶ
1297 775 1454 826 ι’ππων,

82 840 164 881 270
195 840 382 906 χαλκοῦ
387 852 431 879 τε
463 839 686 904 στεροπῆς.

743 836 790 878 ἐν
821 835 866 878 δὲ
897 836 1007 886 Ζευς
1034 832 1371 903 τερπικέραυνος

193 896 337 948 φῦζαν
364 891 483 947 ἐμοῖς
511 891 700 946 ἑτάροισι
729 890 868 947 κακὴν
899 890 1051 959 βάλεν,
1083 889 1186 934 οὐδὲ
1214 905 1279 940 τις
1312 887 1409 943 ε’τλη

191 953 345 1019 μεῖναι
363 948 629 1003 ἐναντίβιον·
662 948 763 1001 περὶ
790 948 873 1017 γὰρ
903 947 1016 991 κακὰ
1043 946 1264 990 πάντοθεν
1292 945 1405 999 ε’στη

192 1002 292 1048 ἔνθ’
320 1001 464 1074 ἡμέων
491 1002 681 1054 πολλούς
710 1004 788 1058 μὲν
818 1003 1063 1048 ἀπέκτανον
1096 1001 1184 1053 ὀξέϊ
1209 1003 1368 1070 χαλκῷ,

190 1077 293 1111 τους
321 1059 363 1105 δ’
393 1061 575 1127 ἄναγον
595 1059 753 1113 ζωους,

782 1062 933 1115 σφίσιν
961 1059 1219 1115 ἐργάζεσθαι
1247 1056 1428 1111 ἀνάγκῃ

80 1119 161 1162 275
192 1116 332 1171 αὐτὰρ
364 1117 461 1186 ἐμοὶ
490 1115 601 1166 Ζευς
630 1115 761 1167 αὐτὸς
790 1117 853 1159 ἐνὶ
884 1117 1014 1172 φρεσὶ
1042 1119 1173 1159 τοῦτο
1203 1113 1349 1168 νόημα

189 1172 360 1243 ποίησ’·

393 1172 482 1227 (ὠς
510 1173 672 1242 ὄφελον
701 1172 879 1215 θανέειν
907 1173 982 1215 καὶ
1009 1171 1179 1241 πότμον
1207 1169 1405 1213 ἐπισπεῖν

192 1228 329 1272 αὐτοῦ
357 1229 403 1272 ἐν
431 1228 665 1298 Αἰγύπτῳ]
694 1228 755 1271 ε’τι
783 1227 866 1283 γάρ
897 1227 953 1271 νύ
983 1244 1034 1284 με
1067 1225 1173 1281 πῆμ’
1203 1225 1434 1269 ὑπέδεκτο·
1449 1223 1467 1279 )

191 1283 336 1329 αὐτίκ’
367 1284 453 1329 ἀπὸ
483 1287 644 1340 κρατὸς
676 1285 851 1356 κυνέην
867 1284 1075 1328 εὔτυκτον
1103 1284 1256 1355 ἔθηκα,

189 1342 266 1386 καὶ
293 1341 426 1393 σάκος
455 1341 634 1397 ὤμοιϊν,
666 1340 775 1411 δόρυ
811 1339 851 1384 6'
884 1342 1071 1410 ε’κβαλον
1100 1339 1246 1383 ε’κτοσε
1275 1335 1432 1394 χειρὸς,

77 1403 209 1444 280*

237 1397 376 1452 αὐταρ
404 1398 487 1454 ἐγώ
513 1401 720 1469 βασιλῆος
748 1396 947 1441 ἐναντίον
963 1396 1147 1468 ἤλυθον
1176 1397 1333 1446 ι’ππων,

188 1455 261 1499 καὶ
289 1454 404 1500 κύσα
431 1452 625 1511 γούναθ’
655 1452 792 1497 ελιόν·
828 1454 851 1498 ὁ
882 1455 929 1499 δ’
958 1453 1162 1510 ἐρύσατο,
1191 1452 1267 1496 καί
1294 1448 1345 1508 μ’
1374 1445 1560 1503 ἐλέησεν,

18 1596 235 1668 femininus,
246 1623 324 1660 448
335 1624 476 1659 etalias.
501 1623 820 1668 HesiodusTheog.

18 1673 118 1708 332:
147 1669 335 1716 Τηθνςδ
355 1667 726 1712 ὨκεανῶΠοταμοιὶς
743 1670 822 1704 τέκε

19 1717 103 1754 διν’
84 1731 232 1763 ηεντας,
257 1715 434 1752 Νεῖλόν
459 1706 499 1751 τ’
516 1714 683 1773 Ἀλφειόν
698 1728 736 1750 τε
754 1722 821 1749 etc.

17 1765 67 1798 ibi
91 1764 228 1798 Schol..
264 1761 304 1798 ἐκ
333 1760 472 1797 τούτου
504 1775 678 1806 φαινεται
699 1759 823 1821 :Heio-

19 1811 85 1850 δος
104 1807 271 1854 Ὁμήρου
301 1807 498 1851 νεωτερος·
528 1809 589 1843 καὶ
616 1809 685 1853 γάρ
699 1806 822 1851 ’Όμη-

18 1870 83 1900 ρος
98 1855 282 1901 Αἴγυπτον
296 1859 402 1891 καλεῖ
415 1854 481 1890 τὸν
496 1857 645 1890 Νεῖλον.
656 1874 702 1879 -
724 1853 823 1899 {4343-

18 1903 204 1948 ῥείτην,
235 1903 318 1936 bene
341 1904 529 1946 fluentem,
560 1901 593 1934 h.
619 1913 649 1934 e.
674 1900 822 1944 copiose,

17 1959 186 2005 magnum.
220 1949 264 1983 cf.
279 1949 321 1982 Il.
341 1946 382 1990 ζ,
399 1949 456 1983 34.
498 1947 585 1981 idem
603 1952 656 1980 est
672 1945 825 1989 ἐῦρρεὐς

17 2003 54 2032 et
76 1993 253 2040 ἐῦῤῥοοςι
275 2005 308 2028 v.
333 1994 373 2028 11.
395 1992 436 2037 ζ,
460 1995 552 2035 508,
576 1993 624 2038 η’,
646 1993 713 2028 329
731 1998 797 2026 etc.

62 2088 187 2124 260-
196 2083 278 2122 274.
323 2085 454 2130 repetit
489 2084 573 2118 haec
596 2083 741 2128 Ulysses
764 2095 823 2117 co-

17 2146 89 2170 ram
112 2134 267 2190 preciso
268 2130 417 2175 ’,427-
423 2130 503 2166 441.
545 2133 617 2163 Αιιι.
635 2130 700 2170 Q:
725 2129 824 2172 ἔρυ-

21 2183 139 2216 σθαι
157 2178 219 2237 (ε’,
243 2158 331 2220 48⁹4,
354 2176 398 2219 ι’,
422 2176 489 2212 194
507 2177 594 2220 etc.)
627 2173 824 2216 ἐνεστῶτός

18 2225 128 2269 ἐστιν,
141 2223 430 2270 ωςπήγνυσθαι·
449 2221 718 2267 παρακειμένου
729 2220 768 2257 δὲ
780 2221 822 2257 τὸ

20 2274 65 2308 εἰ
73 2285 126 2329 ρυ
138 2274 267 2307 σθαι
306 2269 505 2304 hallucinari
527 2269 665 2302 videtur
683 2268 820 2303 schol:

19 2330 53 2353 v.
76 2316 118 2364 γ’,
141 2319 222 2354 268.
240 2334 288 2342 -
320 2315 551 2370 ὀπτῆρας,
576 2312 748 2354 σκοπούς.
784 2325 818 2348 v,

19 2363 67 2407 6',
84 2365 153 2400 524
175 2370 244 2398 etc.
266 2381 309 2388 —
333 2364 406 2396 Am.
426 2362 487 2395 B.=
511 2358 646 2417 νβρει
669 2361 822 2404 εἴξαν-

20 2424 107 2452 τες.
147 2408 376 2450 πεισθέντες,
409 2403 430 2443 ὅ
453 2405 551 2442 ἐστιν
573 2405 742 2463 υβρισταὶ
766 2419 823 2450 γε-

20 2456 181 2514 νόμενοι.
227 2454 288 2491 ἐπ.
320 2454 457 2498 μένεϊ
488 2455 587 2498 σφῷ
621 2452 700 2497 (ω’,
725 2453 822 2497 183.)

21 2505 67 2559 τῇ
91 2501 234 2538 ἑαυτῶν
263 2497 358 2546 ὁρμῇ
391 2513 422 2534 κ.
455 2488 641 2555 ἐπιθυμίᾳ
665 2501 823 2542 συνδρα-

21 2550 170 2607 μόντες·
200 2547 289 2587 ἔθος
311 2547 384 2590 γάρ
408 2542 455 2591 ἦν
478 2543 605 2587 αὐτοῖς
628 2544 823 2591 λῃστεύειν.

21 2616 68 2621 -
91 2593 230 2654 ἀϋτὴ,
255 2594 384 2649 clffmor
406 2591 558 2626 bellicus.
600 2592 638 2625 11.
664 2588 704 2633 ξ,
722 2593 822 2627 328.ι

22 2641 83 2678 σέο
120 2638 160 2678 6’
192 2635 305 2696 εἵνεκ’
340 2637 434 2681 οἶῦτή
464 2650 526 2679 τε,
563 2636 740 2681 πτόλεμός
771 2650 821 2678 τε,

26 2693 119 2723 Αστν
148 2681 235 2721 τόδ’
267 2683 473 2729 ἀμφιδέδηε
503 2690 570 2717 etc.
597 2701 641 2709 —
683 2683 822 2729 proprie

21 2734 109 2767 dixit
138 2729 342 2776 ἄναγον,
387 2730 479 2775 quod
520 2729 645 2763 habent
688 2729 820 2774 plurimi

23 2779 148 2820 MSS„
179 2779 214 2812 h.
239 2789 268 2811 e.
303 2776 516 2810 deducebant
547 2777 583 2808 in
615 2778 689 2808 loca
712 2775 821 2808 medi-

21 2830 196 2866 terranea,
222 2827 261 2858 ut
283 2822 474 2876 Xenophon
495 2821 602 2854 Anab.
626 2824 660 2862 2,
684 2823 718 2862 3,
740 2822 820 2855 ΞῙ.;

23 2868 113 2906 ἀλλὰ
134 2869 270 2909 πολλὰς
284 2865 487 2924 προφάσεις
502 2867 626 2909 Κῦρος
646 2864 820 2910 εὕρισκεν,

22 2936 68 2942 —-
91 2917 155 2952 ἵνα
185 2913 285 2973 υμᾶς
314 2924 353 2949 τε
383 2911 728 2969 ἀπαρασκευάστους
757 2911 820 2946 λά-

23 2963 104 3008 βοι,
136 2961 200 2998 καὶ
247 2962 320 3005 μοῖς
342 2958 482 2996 ἐνθάδε
505 2956 693 3004 ἀναγάγοι.
740 2957 817 2993 edd.

25 3016 133 3053 usque
153 3008 205 3042 ad
221 2975 380 3042 ἒΙιιτΙιοὶ.
407 3004 556 3049 ἄγαγον.

70 3064 211 3099 Ηόιιιιιι,
236 3064 369 3099 Omrss
394 3063 438 3097 11.

913 1625 1002 1666 276,
1027 1623 1083 1659 77.
1140 1619 1197 1662 ὥς
1239 1618 1300 1665 ὄφ
1311 1621 1428 1673 ελον,
1455 1615 1673 1660 θανέειν,

867 1672 1001 1705 utinam
1018 1673 1171 1703 mortuus
1191 1679 1306 1702 esem.
1341 1678 1374 1699 v,
1394 1662 1440 1707 α’,
1457 1666 1527 1700 217
1544 1667 1673 1698 etc.—

868 1719 974 1751 θαν.
1007 1730 1039 1751 κ.
1061 1726 1246 1769 ποτμον
1269 1712 1505 1747 επισπειν
1538 1708 1584 1751 δ’,
1605 1710 1674 1744 562

869 1768 936 1796 etc.
956 1781 1001 1786 —
1036 1757 1429 1799 ἕτι-υπέδεκτο,
1454 1756 1674 1790 adhunc-nim

869 1809 1009 1842 miseria
1032 1819 1085 1842 me
1109 1806 1256 1851 excepit,
1289 1814 1490 1850 quocunque
1514 1801 1673 1836 devenis-

869 1867 950 1889 sem.

913 1922 993 1957 280.
1040 1920 1121 1966 quid
1144 1921 1210 1954 hoc
1232 1919 1276 1954 ad
1301 1929 1390 1959 rem,
1433 1927 1506 1950 eum
1541 1915 1672 1950 obviam

868 1968 1002 2001 venisse
1021 1967 1187 2020 equitatui
1204 1966 1314 2020 regio,
1333 1963 1536 2012 βασιλῆος”
1524 1964 1645 1997 ι’ππων
1654 1962 1674 1995 ’ἐ

868 2013 933 2047 imo
958 2013 1033 2057 regi
1060 2012 1195 2046 obviam
1223 2011 1309 2052 ivit,
1340 2011 1448 2055 idque
1480 2019 1566 2054 equo
1591 2019 1673 2042 con-

869 2070 1008 2100 scenso,
1033 2070 1099 2112 quo
1124 2058 1223 2091 citius
1247 2057 1446 2096 adveniret,
1478 2066 1541 2088 nec
1565 2053 1673 2088 truci-

869 2106 1012 2139 daretur
1045 2104 1138 2149 prius
1161 2115 1258 2148 quam
1290 2101 1385 2147 regis
1410 2099 1672 2135 misericordiam

868 2151 1051 2204 implorare
1076 2156 1203 2195 posset.
1241 2160 1324 2193 ergo
1349 2148 1535 2181 scribamus
1559 2146 1670 2193 ἵππῳ.

868 2196 1058 2231 trajaticius
1070 2207 1167 2229 error
1183 2195 1409 2235 librariorum,
1432 2207 1444 2228 ι
1464 2182 1672 2236 adscriptum

869 2248 904 2278 et
927 2256 948 2277 ν
971 2242 1060 2276 inter
1090 2253 1128 2276 se
1152 2240 1435 2275 commutantium.
1461 2257 1504 2264 —-
1540 2237 1672 2273 curiose

866 2293 940 2325 Am.
951 2289 1012 2322 Β..
1040 2285 1191 2330 αντᾶρ
1216 2283 1299 2331 ἐγώ
1320 2287 1421 2330 βασ.
1446 2283 1569 2324 Σὲθος
1587 2283 1671 2329 ἐβα-

867 2338 1004 2371 σίλευσε
1028 2332 1120 2370 τότε.
1167 2333 1281 2367 floruit
1303 2339 1414 2366 autem
1439 2331 1582 2372 Sethon,
1608 2341 1669 2364 rex

867 2380 1125 2426 Aegyptiorum,
1142 2390 1172 2412 a.
1199 2384 1278 2413 ante
1291 2377 1371 2411 Chr.
1384 2382 1454 2411 nat.
1471 2378 1562 2416 720„
1579 2375 1669 2419 quod

868 2434 1002 2472 tempus
1019 2426 1096 2472 plus
1110 2426 1180 2460 460
1195 2435 1299 2459 annos
1319 2422 1489 2457 recentius
1512 2427 1564 2456 est
1581 2420 1669 2455 bello

870 2473 1039 2517 Trojano.
1086 2470 1338 2514 v.Herod-2‚
1364 2470 1442 2506 141.

914 2555 992 2589 281.
1041 2551 1061 2588 ὁ
1087 2548 1127 2586 δ’
1159 2549 1389 2595 ἐρύσατο,
1424 2547 1503 2581 καί
1531 2542 1578 2590 μ’
1610 2543 1666 2581 ἔλ.

868 2601 1202 2646 hysteronproteron.

911 2680 991 2714 282.
1037 2677 1116 2711 libri
1140 2674 1291 2719 vulgati·
1325 2671 1363 2712 ἐς
1385 2671 1520 2724 δίφρον
1553 2669 1594 2705 δέ
1622 2668 1667 2713 μ’

868 2724 964 2767 ἕσας,
984 2724 1149 2757 inutiliter
1159 2720 1306 2765 repetito
1319 2717 1522 2762 pronomine.
1548 2716 1664 2751 Harl.=

866 2770 890 2816 ἡ
914 2768 1082 2813 Αἰολική,
1106 2766 1263 2818 (Homeri
1285 2763 1412 2803 editio,
1437 2762 1529 2795 dicta
1552 2762 1667 2796 Aeoli-

869 2829 931 2858 ca,
963 2816 995 2849 h.
1027 2827 1058 2849 e.
1095 2825 1138 2847 ex
1171 2810 1288 2845 Aeolia
1321 2809 1423 2842 allata
1455 2807 1665 2848 Aristarcho,

868 2873 964 2916 quae
977 2859 1114 2904 saepius
1146 2857 1377 2895 memoratur.)
1411 2852 1455 2893 ἐς
1485 2854 1666 2896 δίφρος

868 2906 907 2943 δ’
942 2905 1134 2945 ἀνέσεις,
1168 2897 1372 2958 ἀναγαγών.
1418 2900 1456 2932 ΙΙ.
1490 2898 1540 2941 ν’,
1564 2900 1664 2933 657.-

866 2954 902 2994 ἐς
935 2954 1070 3006 δίφρον
1111 2946 1151 2984 6’
1196 2945 1386 2986 ἀνέσαντες
1427 2943 1517 2989 ἄγον
1555 2945 1664 2989 προτὶ

858 2999 970 3034 Ἴλιον
993 2996 1085 3042 ἱρήι.
1124 3007 1157 3029 v.
1183 2993 1229 3029 ibi
1253 3003 1328 3026 aun.
1346 3040 1368 3078 1
