1856 3282
135 126 192 166 26

305 233 350 284 ἐς
391 232 584 303 Τεμέσην
616 233 722 304 μετοὶ
751 233 939 287 χαλκὸν,
969 232 1061 287 ἄγω
1091 231 1135 277 δ’
1165 235 1339 277 αἴθωνα
1373 235 1566 290 σίδηρον.

200 293 278 335 185
307 292 417 360 νηῦς
447 289 493 333 δέ
521 305 598 360 μοι
627 289 704 344 ηδ’
737 289 913 344 ἕστηκεν
943 289 1009 331 ἐπ’
1043 289 1204 344 ἀγροῦ,
1228 290 1366 346 νόσφι
1396 292 1574 348 πόληος,

309 345 357 389 ἐν
387 347 526 402 λιμένι
551 345 760 417 Ῥείθρῳ,
789 345 878 388 ’ὑπὸ
911 347 1034 413 Νηΐῳ
1066 345 1254 418 ὑλήεντι.

310 403 445 455 ξεῖνοι
475 401 520 446 6'
551 401 750 459 ἀλλήλων
779 401 1001 458 πατρώϊοι
1031 402 1238 459 εὐχόμεθ’
1269 400 1384 446 εἶναι

133 550 238 584 dubie
254 557 448 585 sumserunt
462 550 510 584 illi
534 550 844 596 praepositionem,
871 561 945 584 cum

131 597 168 630 in
190 603 348 653 promptu
380 604 471 631 esset
497 598 640 630 verbum
670 599 827 635 πλείειν,
853 596 946 649 q¹.¹⁰d

130 642 278 676 habetur
305 642 348 684 o'‚
367 645 424 678 34.
451 647 487 676 et
504 640 554 683 π’,
573 645 676 681 368..
701 643 853 688 nihilque
881 643 944 675 im-

130 687 269 733 pediret
299 690 477 743 quominus
506 692 609 741 poeta
647 688 776 722 diceret
809 688 945 722 πλείων

131 734 270 769 οἴνοπα
293 734 454 776 πόντον,
477 739 517 766 ut
541 732 664 769 πόθεν
689 732 820 768 πλεῖθ’
849 732 944 777 ὑγροὶ

129 779 332 825 κέλευθαγ
311 794 355 825 γ,
379 782 436 815 71.
459 784 494 813 et
512 780 608 814 alias.
645 780 809 825 proclivis
832 787 943 814 autem

128 826 196 859 fuit
216 826 330 871 lapsus
346 825 464 861 πλέων
483 825 706 859 scribentium
722 838 783 870 pro
793 828 941 867 πλείων,

129 872 221 916 quod
242 880 354 907 tamen
374 879 408 906 et
424 873 534 916 ipsum
554 872 589 904 in
611 872 740 915 aliquot
757 871 853 906 libris
873 873 943 916 legi

129 918 181 951 ait
211 918 317 952 Barn.
343 930 461 952 verum
490 917 618 951 sufficit
646 918 743 951 nobis
766 919 810 950 ad
840 921 943 951 resti-

128 964 288 997 tuendam
339 976 457 998 vocem
505 964 721 996 Homericam
773 963 942 1008 Stephani

129 1009 326 1054 scriptura,
349 1021 448 1054 quarn
475 1014 510 1042 et
528 1010 621 1042 illum
644 1009 678 1042 in
699 1008 774 1042 MS.
797 1021 879 1050 suo,
907 1015 942 1042 et

128 1055 330 1099 Berglerum
349 1055 384 1088 in
405 1054 501 1088 libris
528 1055 660 1088 duobus
679 1055 940 1098 wetstenianis‚

130 1112 214 1144 quos
263 1101 516 1154 antiquissimos
563 1102 942 1158 praestantissimosque

129 1149 255 1189 vocat,
280 1147 454 1201 reperisse
479 1146 537 1179 vix
562 1147 694 1180 dubito.
730 1166 774 1171 ——
808 1146 943 1181 ἀλλο-

129 1172 335 1234 θρόόνς,
374 1192 639 1236 ἅλλοφώνους,
683 1196 720 1225 ut
750 1193 941 1237 explicatur

129 1239 164 1271 in
184 1239 250 1271 lex.
269 1239 418 1273 Bekker.
440 1250 472 1282 p
491 1240 592 1282 378„
618 1239 651 1271 h.
672 1250 702 1271 e
724 1239 798 1271 alia
817 1241 942 1283 lingua

128 1289 284 1324 utentes,
329 1284 552 1328 peregrinos,
595 1285 645 1327 C3
652 1284 764 1328 prius,
812 1285 870 1329 qui
913 1284 941 1317 si

130 1330 259 1362 Graeci
281 1331 422 1362 fuerunt
444 1330 595 1372 origine,
621 1334 733 1362 tamen
757 1330 826 1372 jam
849 1331 942 1363 anti-

128 1375 299 1419 quissimis
321 1375 531 1420 temporibus
549 1375 712 1408 debellati
732 1381 789 1408 aut
808 1375 941 1419 expulsi

127 1426 208 1454 sunt
227 1433 247 1454 a
267 1421 397 1454 colonis
416 1420 658 1461 Phoenicibus,
681 1421 805 1454 deinde
823 1433 842 1455 a
857 1422 940 1454 Per-

125 1467 175 1500 sis
193 1468 257 1500 sub
275 1467 379 1512 Cyro.
427 1478 459 1500 v.
483 1467 645 1501 Bredow.
664 1467 804 1500 Handb.
825 1468 857 1500 d.
879 1469 940 1500 alt.

127 1514 414 1557 Gesch.p.163.,
443 1512 576 1546 Nitsch
601 1513 797 1546 Beschrer.
821 1520 888 1546 etc.
907 1515 938 1547 1.

124 1569 161 1603 Ρ.
179 1561 260 1593 266.
277 1563 343 1592 etc.
391 1538 547 1592 similiter
571 1558 608 1591 Si
613 1557 722 1600 nties,
746 1560 864 1592 Lemni
884 1558 937 1591 in·-

126 1605 244 1647 colae,
271 1609 440 1638 vocantur
469 1602 703 1647 ἄγριόφωνοι
724 1604 777 1646 θ’,
797 1604 878 1639 294.
905 1610 941 1638 et

126 1651 238 1684 Cares
255 1647 548 1697 βαρβαρόφωνοι
570 1651 610 1684 11.
633 1650 680 1697 β’,
698 1651 801 1692 867.,
826 1651 885 1684 ubi
904 1661 939 1687 v.

125 1704 204 1731 finn-

173 1740 252 1778 184.
297 1739 523 1786 Τεμέσην.
550 1741 652 1775 Sch.:
683 1744 728 1775 T
716 1739 822 1798 μέση
836 1739 941 1781 πόλις

128 1787 310 1831 Κύπρου,
335 1787 430 1822 κατὰ
458 1788 498 1823 δέ
518 1801 622 1828 τινας
639 1789 706 1831 τῆς
722 1786 894 1829 Ἰταλίας,
920 1785 941 1822 ὃ

124 1836 196 1871 νῦν
221 1836 435 1875 Βρεντίσιον
459 1836 622 1868 καλοῦσι.
649 1834 759 1878 C3pri
777 1834 940 1879 oppidum

126 1881 215 1921 dici,
242 1882 315 1915 sere
341 1881 559 1914 consentiunt
586 1879 652 1912 viii
684 1880 776 1913 docti
801 1886 940 1924 praeter

125 1927 283 1960 Vossium
303 1929 382 1960 Alte
407 1927 535 1960 Wemc.
554 1937 589 1970 p.
605 1926 684 1960 2¹68.
705 1934 741 1959 et.
759 1926 818 1959 Vd'·
823 1927 939 1959 kerum

125 1984 160 2018 p.
187 1975 243 2006 70.
278 1972 448 2016 siquidem
479 1971 569 2005 aeris
599 1971 720 2016 C3prii
749 1983 811 2004 seu
841 1972 941 2016 cupri

127 2019 244 2073 patria
264 2019 332 2051 suit
352 2019 408 2051 illa
428 2018 561 2058 insula,
587 2029 650 2050 nec
678 2017 816 2050 italicae
842 2029 937 2057 orae,

125 2065 161 2098 in
194 2076 262 2109 qua
291 2064 357 2097 sita
380 2064 593 2098 Bruttiorum
613 2064 693 2096 urbs
711 2064 858 2096 'semesa
879 2074 940 2096 seu

126 2110 255 2144 Temsa
277 2110 333 2144 vel
359 2110 530 2154 Tempsa,
559 2110 781 2142 Romanorum
809 2109 941 2143 colonia

126 2156 285 2201 (cellar.
317 2158 347 2190 1.
380 2168 413 2200 p
442 2156 520 2190 914.
534 2156 570 2197 ),
608 2161 703 2188 certa
733 2160 786 2188 est
818 2155 942 2187 notitia

127 2215 184 2248 ap.
216 2202 410 2257 Homerum.
460 2202 545 2234 male
575 2201 660 2234 enim
689 2201 815 2234 Strabo
849 2203 938 2242 1,1.

126 2259 164 2294 Ρ.
185 2250 239 2283 9.:
263 2248 325 2282 καὶ
342 2247 417 2292 μὴν
439 2261 500 2282 και
517 2246 564 2281 τοὶ
587 2248 651 2291 τῆς
666 2245 820 2287 Ἰταλίας
842 2243 937 2288 ἄκροι

127 2293 230 2336 οἶδε,
268 2294 434 2338 Τεμέσην
468 2295 607 2335 καλῶν,
647 2294 708 2327 καὶ
742 2293 935 2333 Σικελούςε

125 2347 164 2374 et
193 2342 284 2382 6,1,
316 2352 348 2385 p.
369 2341 420 2375 7.
452 2340 591 2384 ταύτης
615 2352 653 2374 τε
680 2341 745 2383 τῆς
777 2340 938 2396 Τεμέσης

126 2386 220 2431 φασὶ
237 2387 453 2430 μεμνῆσθαι
472 2386 538 2421 τὸν
556 2385 729 2430 ποιητὴν,
753 2383 797 2420 οὗ
814 2388 879 2430 τῆς
899 2385 938 2420 ἐν

125 2432 269 2478 Κύπρῳ
295 2433 521 2475 Tannoni
546 2432 702 2476 (λέγεται
720 2430 790 2476 γὰρ
813 2431 937 2476 α’μφο-

124 2479 274 2524 τέρως),
297 2480 350 2525 τῷ
370 2478 438 2519 Ες
467 2479 677 2523 Τεμέσην
699 2477 812 2522 μετά
841 2483 938 2523 χαλ-

118 2525 231 2569 ·κόν,
268 2527 329 2560 καὶ
360 2527 548 2560 δείκνυται
579 2529 819 2569 χαλκουργεῖα
843 2528 937 2567 πλη-

125 2573 225 2613 σίον,
252 2568 276 2606 ἃ
295 2573 365 2607 νῦν
384 2570 615 2607 ἐκλέλειπται.
642 2573 732 2615 quod
752 2573 801 2605 ita
818 2573 938 2613 refert,

125 2623 166 2652 ut
187 2617 245 2662 qui
268 2623 304 2652 et
325 2619 400 2664 ipse
421 2620 561 2652 istorum
580 2618 770 2651 sententiae
788 2618 938 2651 subscri-

124 2664 197 2698 bat.
245 2664 334 2698 idem
364 2664 406 2697 de
432 2665 549 2709 Cypro
576 2665 628 2698 14.
656 2668 829 2697 extremo:
853 2661 939 2698 κατ’

126 2708 262 2766 οἱρετὴν
279 2708 316 2744 δ’
335 2709 512 2753 οὐδεμιᾶς
530 2710 604 2743 τῶν
620 2708 744 2752 νήσων
760 2711 936 2745 λείπεται·

126 2756 191 2792 και
213 2755 283 2800 γὰρ
307 2756 450 2798 εὔοινός
471 2755 566 2798 ἐστι,
590 2769 650 2790 και
673 2755 857 2797 εὐέλαιος,
885 2759 938 2791 σι’-

127 2816 180 2847 τῳ
200 2815 238 2837 τε
256 2801 431 2844 αὕτάρκει
447 2804 595 2847 χρῆται·
621 2800 778 2843 μέταλλα
797 2801 835 2837 δε
855 2807 937 2847 χαλ-

126 2850 200 2884 ·κοῦ
231 2847 327 2884 ἔστιν
358 2848 514 2890 ἄφθονα
541 2848 587 2882 τὰ
616 2846 655 2882 ἐν
684 2850 844 2895 Tannoni
871 2856 937 2883 etc.

128 2895 240 2941 igitur
272 2900 372 2929 vetus
398 2895 454 2928 illa
485 2896 634 2928 'lemese
662 2901 742 2939 post
766 2896 939 2939 appellite.

130 2947 185 2975 est
207 2939 379 2985 Ταμασὸς
397 2941 469 2974 sive
489 2941 684 2984 Ταμασσὸς
709 2942 853 2985 (Strab.
876 2953 939 2986 po-

131 2987 276 3022 steriore
296 2988 391 3028 loco,
416 2987 505 3021 Ptol.
524 2988 618 3031 etc.)
656 2988 711 3020 vol
745 2987 940 3032 Ίαμοὶσεος

769 123 1169 165 ΟΜΗΡΟΥ

992 550 1141 594 (Steph.
1156 551 1263 596 B3z.,
1288 551 1397 591 Plin.;
1423 563 1456 584 v.
1479 551 1605 585 Cellar.
1617 552 1649 585 2.
1671 562 1704 595 p
1717 550 1798 590 276,

991 597 1118 640 ω77.,)
1142 597 1331 630 nominibus
1350 597 1472 638 ductis,
1497 597 1628 642 opinor,
1653 595 1799 638 ats'uco,

990 641 1106 686 τάμω,
1132 648 1318 687 propterea
1340 643 1431 686 quod
1447 645 1544 677 velut
1560 643 1743 676 secabatur
1763 647 1798 675 et

990 689 1025 721 in
1051 689 1136 722 duas
1162 695 1278 732 partes
1300 688 1518 722 dividebatur
1538 688 1650 722 insula
1668 688 1797 721 monti-

989 735 1053 768 bus
1083 734 1175 768 illius
1202 740 1334 768 tractus
1363 733 1633 768 mediterraneis
1683 735 1728 768 cf.
1755 733 1797 767 de

990 779 1171 871 Cyprop6',
1190 782 1246 821 83,
1270 778 1322 822 θ’,
1340 781 1398 823 36,
1424 777 1599 822 Ι1.λ’,.,21
1624 779 1797 812 Mannert.

990 829 1024 867 6,
1050 831 1083 862 1.
1177 806 1256 861 452⁹.
1289 834 1376 867 etc-3
1403 837 1501 870 quam
1531 825 1692 867 insulam,
1717 836 1799 857 aere

988 872 1055 906 isto
1087 872 1334 912 abundantem,
1365 851 1464 905 'ferro
1495 872 1670 913 caruisse,
1702 877 1797 903 certe

988 919 1130 952 Homeri
1159 929 1265 959 aevo,
1299 929 1341 951 ex
1369 919 1437 951 hoc
1466 918 1542 952 loco
1578 917 1795 960 intelligitur.

988 965 1048 998 sed
1087 964 1179 997 unde
1214 965 1342 997 ferrum
1382 964 1564 997 advexisse
1603 968 1798 1008 putaremus

989 1011 1163 1051 Mentem,
1188 1009 1217 1043 si
1237 1021 1341 1043 verus
1361 1016 1478 1043 esset.
1464 1010 1483 1034 ’ἱ
1516 1021 1584 1043 11011
1603 1009 1738 1052 quidem
1754 1019 1798 1040 ex

988 1057 1073 1100 ipsis
1099 1057 1312 1100 Taphiorum
1341 1055 1482 1098 insulis,
1508 1055 1542 1088 in
1572 1056 1698 1100 quibus
1725 1055 1797 1086 ser-

988 1114 1060 1136 rum
1100 1102 1261 1147 provenis
1264 1113 1302 1135 se
1339 1100 1505 1135 nescimus
1546 1100 1730 1145 (quamvis
1761 1099 1797 1132 id

989 1149 1116 1192 ubique
1153 1147 1395 1202 propemodum
1440 1146 1609 1191 reperiri,
1654 1147 1798 1189 ejusque

988 1205 1107 1227 venam
1145 1194 1287 1227 omnium
1326 1193 1537 1226 metallorum
1573 1192 1798 1236 largissimam

989 1251 1085 1280 esse,
1110 1239 1203 1273 dicat
1231 1239 1362 1272 Plinius
1384 1239 1441 1279 34,
1460 1239 1513 1274 14
1524 1239 1562 1282 ),
1585 1241 1646 1272 sed
1669 1238 1795 1280 Chal3-

988 1286 1067 1318 bum
1099 1297 1142 1318 ex
1175 1290 1272 1318 terra
1309 1283 1584 1338 σιδηρομήτορι
1607 1284 1797 1327 (Aeschyl.

988 1331 1099 1363 Prom
1135 1332 1212 1365 299.
1224 1333 1259 1374 ),
1301 1331 1335 1362 in
1371 1341 1471 1375 quam
1507 1329 1689 1373 navigasse
1724 1330 1796 1362 Ta-

987 1377 1085 1421 phios
1103 1388 1168 1410 non
1188 1383 1241 1409 est
1265 1376 1355 1420 quod
1377 1377 1557 1417 miremur,
1583 1387 1656 1408 cum
1685 1375 1798 1408 Phoe-

987 1422 1100 1463 nices,
1125 1434 1268 1467 quorum
1298 1423 1555 1456 aemulabantur
1583 1420 1797 1461 industriam,
1835 1437 1838 1443 v

985 1450 1240 1511 longiriquiores
1285 1469 1386 1501 etiam
1439 1467 1601 1511 regiones
1649 1466 1799 1499 adierint

987 1514 1177 1546 commercii
1199 1525 1324 1552 causan
1350 1513 1407 1557 qui
1425 1513 1559 1566 quidem
1584 1512 1798 1557 potentiores

987 1559 1144 1603 quoniam
1162 1571 1235 1592 occi
1226 1558 1418 1592 dentales'
1409 1558 1563 1603 inprimis
1576 1569 1654 1592 oras
1668 1559 1800 1611 ipsum—

986 1617 1053 1648 que
1070 1616 1161 1639 mare
1180 1605 1385 1638 Atlanticum
1406 1606 1591 1649 petebant,
1616 1602 1799 1637 verisimile

988 1657 1061 1690 ε3’,1;
1086 1652 1266 1704 Taphios,
1291 1650 1384 1683 illinc
1405 1650 1582 1690 exclusos,
1606 1649 1798 1683 contrarias

987 1698 1020 1742 pl
1025 1708 1108 1740 agas
1133 1697 1312 1738 inwisisse,
1346 1707 1488 1740 cumque
1517 1701 1677 1739 negatum
1706 1701 1799 1729 esset

988 1754 1106 1776 aurum
1143 1749 1246 1786 atque
1290 1747 1469 1786 argentum
1512 1741 1704 1786 Hispaniae
1739 1741 1799 1783 (v.

987 1789 1150 1822 Bredow.
1177 1789 1198 1821 l.
1222 1801 1251 1821 c.
1280 1800 1315 1832 p.
1346 1787 1477 1832 164.‚)
1510 1788 1604 1822 ferro
1631 1787 1797 1832 Sc3thico

987 1840 1168 1868 contentos
1191 1834 1310 1868 fuisse.
1349 1852 1390 1858 —
1429 1833 1626 1868 αἴθωνα
1658 1833 1773 1878 σίδη
1781 1851 1799 1858 -

988 1893 1092 1927 ρον,
1109 1881 1291 1926 fulgidum
1305 1882 1453 1922 serrum.
1502 1880 1542 1914 ΙΙ.
1565 1878 1609 1923 6,
1626 1878 1707 1915 485.

1036 1973 1223 2013 185‚186.
1273 1972 1390 2016 νηῦς
1415 1967 1497 2015 ἣδε
1523 1970 1705 2016 ἕστηκε,
1729 1983 1829 2018 πει-4,

986 2021 1038 2052 vis
1073 2020 1196 2052 haecce
1230 2023 1320 2059 stat,
1362 2017 1489 2052 dictum
1524 2024 1578 2051 est.
1609 2017 1797 2057 ὁεικτικαῐς

988 2077 1051 2110 pro
1076 2078 1109 2100 ν.
1146 2065 1234 2111 τῇδε
1268 2064 1353 2106 ἐστ,
1388 2066 1488 2097 navis
1522 2066 1617 2098 stetit
1650 2066 1705 2098 Ιιί0
1739 2063 1796 2097 vel

987 2113 1077 2152 illic,
1113 2113 1172 2155 qui
1207 2122 1287 2144 usus
1323 2110 1548 2168 pronominis
1566 2107 1630 2145 οδε
1663 2110 1796 2144 minime

988 2159 1154 2191 obscurus
1188 2162 1251 2192 est.
1287 2169 1316 2192 v.
1352 2158 1409 2190 76.
1444 2175 1491 2180 —-
1530 2154 1603 2191 ἐπ’
1638 2154 1796 2200 α’γροῦ

986 2210 1128 2247 propter
1153 2202 1362 2257 agr11m,in
1387 2202 1515 2242 littore,
1540 2214 1607 2235 non
1632 2204 1667 2236 ἰπ
1693 2214 1794 2247 agro,

987 2255 1028 2283 ut
1053 2252 1131 2284 190.
1156 2269 1199 2275 ——
1223 2247 1426 2292 πόληος,
1451 2248 1545 2282 urbis
1568 2249 1708 2283 Ithacae
1717 2227 1794 2291 1θ’(γ,

984 2297 1054 2336 81.,
1080 2295 1122 2337 σ’,
1149 2299 1194 2336 1.,
1219 2293 1260 2338 χ’,
1285 2296 1399 2337 2023),
1433 2305 1532 2337 quam
1566 2295 1672 2328 solam
1697 2295 1794 2328 novit

983 2342 1152 2375 Homerus
1174 2341 1307 2374 insulae
1332 2340 1557 2383 cognominis,
1579 2341 1679 2375 sitam
1703 2341 1795 2374 illam

983 2387 1120 2431 quidem
1136 2387 1170 2420 in
1191 2394 1290 2432 parte
1309 2387 1382 2430 ejus
1399 2385 1570 2429 orientali,
1595 2389 1657 2420 sub
1683 2392 1795 2420 monte

983 2434 1098 2473 Neio,
1132 2444 1207 2466 cum
1243 2440 1347 2478 portu
1380 2432 1522 2467 Rethro.
1562 2444 1595 2467 v.
1631 2433 1792 2467 Viilcker.

985 2491 1019 2524 p.
1045 2482 1100 2515 56.
1127 2484 1162 2512 et
1186 2490 1284 2523 seqq.
1312 2479 1383 2512 Am.
1412 2477 1441 2510 E
1470 2484 1505 2512 et
1531 2479 1585 2518 Q.
1622 2478 1793 2521 διαφέρει

986 2524 1207 2582 Νήριτον
1240 2523 1301 2559 καὶ
1327 2521 1507 2566 Νήϊον
1533 2525 1602 2560 δύο
1629 2525 1670 2561 δέ
1694 2525 1792 2560 ἐστιν

985 2570 1056 2615 ὅρη
1079 2574 1144 2616 τῆς
1160 2568 1318 2612 Ἰθάκης.
1345 2570 1424 2614 (sed
1443 2572 1566 2616 Νήϊον
1584 2583 1699 2606 ramus
1720 2572 1791 2604 Ne-

985 2618 1054 2652 riti.
1081 2631 1114 2651 v.
1141 2619 1184 2658 E,
1214 2617 1388 2656 vincken,
1415 2617 1461 2650 N.
1481 2629 1558 2652 ann.
1583 2620 1628 2652 ad
1652 2616 1695 2662 γ’,
1714 2612 1820 2661 81)‘

985 2664 1133 2698 τοῦτο
1166 2643 1217 2699 68
1253 2641 1472 2718 Νήρῌίτόν
1508 2662 1642 2698 ἐστιν
1677 2663 1791 2707 ὅρος

981 2709 1310 2768 καταειμένον
1342 2705 1428 2763 ν’λῃ
1454 2709 1525 2753 (ν’,
1549 2711 1680 2764 351)
1714 2710 1789 2749 καὶ,

981 2756 1129 2802 ἡμεῖς
1161 2755 1198 2792 δ’
1227 2754 1274 2798 ἐξ
1296 2753 1489 2801 Ἰθάκης
1512 2754 1604 2790 υπὸ
1632 2757 1788 2810 Νηΐου

983 2804 1070 2847 (sic)
1106 2802 1444 2857 εἰλήλουθμεν.
1479 2800 1551 2858 (γ’,
1578 2803 1663 2846 81.)
1699 2799 1789 2847 όπερ

983 2848 1175 2895 κάθυγρον
1210 2862 1253 2883 ον
1287 2850 1338 2889 εἰς
1369 2849 1438 2882 τὸν
1468 2845 1720 2903 νποκείμενον
1736 2853 1791 2883 λι-

983 2896 1076 2953 μένα
1109 2899 1280 2931 πλεῖστον
1312 2894 1430 2938 ρεῦμα
1461 2893 1665 2929 §mamam
1699 2891 1793 2931 ὅθεν

985 2941 1060 2977 ἀπὸ
1095 2945 1164 2977 τοῦ
1193 2939 1464 2999 συμβεβηκότος
1483 2937 1655 2985 Ρεῖθρον
1679 2952 1789 2985 προσ·

985 3003 1029 3035 η,
1033 3000 1159 3034 ορευσε
1183 2987 1248 3025 τὸν
1272 2987 1399 3032 λιμένα
1423 2994 1490 3021 etc.

1808 2982 1813 3004 l
