1820 3272
60 763 66 767 »
115 724 627 782 ΑΚΡΟΣΤΙΧΑ
686 723 846 778 ΕΙΣ

906 723 1080 778 ΤΗΝ
1128 719 1628 779 ΟΔῩΣΣΕΙΑΝ

468 847 710 905 ΚΑΤΑ
756 845 1263 904 ΡΑΨΩῙΛΙΑΝ.

726 1023 1000 1030 m—

187 1174 398 1269 νἈλφα,
428 1200 548 1240 θεῶν
578 1196 740 1265 ἀγορή,
769 1195 999 1270 ,Οδυσείδῃ
1038 1195 1235 1240 Παλλάδι
1264 1195 1496 1250 θάρσοςῑ).

207 1251 317 1308 Βῆτ’
354 1252 546 1309 ἀγορήν,
575 1256 712 1309 γρηός
741 1255 765 1297 6

817 1255 900 1309 εχει
930 1271 1003 1309 ma
1020 1255 1087 1309 ²),
1117 1257 1257 1296 πλοῦν
1289 1251 1378 1313 μετ’
1410 1251 1613 1305 Ἀθηνᾶς.

206 1309 356 1364 Γάμμ’
370 1342 380 1359 ,
423 1310 508 1353 ὑπὸ
543 1312 724 1363 Νέστωρ
757 1309 902 1358 δέκτο,
935 1308 1138 1382 συυῶρθ’
1156 1343 1164 1361 ,
1197 1309 1294 1359 υἱὸς
1324 1313 1409 1358 υἱι,
1439 1307 1522 1351 &sa
1553 1312 1635 1366 erm}
1648 1309 1697 1364 ³).

206 1367 373 1416 Δέλτα,
403 1356 514 1422 μάθ’
543 1366 741 1419 Ἀτρείδα
773 1367 936 1420 πατρὸς
967 1366 1133 1421 ἄμφὶᾶ)
1167 1366 1414 1421 λοχώμενος
1443 1365 1552 1418 υἱός

147 1432 173 1471 5
196 1422 271 1474 ”,Ε
299 1428 398 1467 πλεῖ
424 1424 492 1466 ἐπὶ
524 1426 691 1479 σχεδίης
717 1423 926 1474 Ὀδυσευς
947 1424 1105 1479 πόντῳ
1136 1426 1428 1479 κεαθείσηςῦ)

201 1483 320 1535 Ζῆτα
350 1479 420 1529 δὲ,
450 1480 685 1523 Ναυσικάα
709 1479 858 1551 κόμισ’
890 1482 938 1523 ἐν
969 1481 1131 1535 Σχερίῃ
1158 1480 1364 1534 Ὀδυσῆα.

193 1533 302 1578 Ἧτα
333 1534 400 1586 δ’,
430 1535 481 1579 ἐῢ
510 1535 756 1591 φρονέουσ’
786 1536 964 1580 Ὀδυσεῖ
991 1540 1177 1591 Σχερίης
1208 1538 1423 1592 βασιλῆες

200 1596 322 1649 Θῆτα
353 1592 418 1640 δ’,

200 1653 318 1694 Ῑῶτα
347 1648 399 1693 τοὶ
426 1649 741 1720 Λωτοφάγων,

448 1592 604 1644 άθλοις
636 1595 824 1649 Φαίηκες
851 1592 1092 1663 Ὀδυσσῆος
1121 1594 1347 1662 πείρηθεν.

774 1650 982 1694 Κικόνων
1011 1667 1079 1700 τε,
1113 1648 1404 1694 Κυκλώπεσσι
1436 1646 1574 1704 ἕύνῦ).

120 1714 169 1754 10
200 1706 366 1750 Κάππα
396 1706 443 1750 δε
455 1706 819 1779 Λαιστρυγόνων
849 1708 953 1762 ἔχει,
983 1707 1172 1759 Αἰόλου,
1196 1724 1300 1761 εργα
1329 1724 1374 1752 τε
1405 1709 1573 1762 Κίρκης
1589 1708 1640 1763 ⁷).

200 1763 388 1818 Λάμβδα
419 1762 488 1815 δ’,
521 1765 567 1808 ἐν
592 1763 739 1808 Ἀίδεω
771 1765 888 1820 ἔτυχ’
923 1767 970 1808 ἐν
1000 1770 1210 1820 ψυχαῖσιν
1242 1763 1509 1815 Ὀδυσσεύς8
1512 1768 1540 1820 ).

200 1825 279 1865 Μῦ
309 1824 525 1878 Σειρῆνας
558 1822 641 1878 ἔχει
675 1822 931 1878 Πλαγκτὰς,
963 1822 1016 1866 τὰ
1049 1824 1094 1866 δὲ
1122 1821 1311 1866 Ἠελίοιο
1326 1824 1378 1878 ⁹).

75 1957 335 1993 Αηποίαίίοπσε.
362 1958 400 2001 1)
419 1958 498 1993 Ald.
517 1959 551 1994 3.
573 1963 608 1993 et
627 1959 840 1994 recentiores

27 2010 208 2050 corrupte.
222 2002 451 2061 Ὀδυσσηίδι
465 2006 520 2039 vel
531 2005 734 2050 Ὀδυσηΐδι.
759 2007 838 2040 Ma-

28 2053 85 2087 lim
117 2070 163 2076 -—
207 2049 367 2107 οἷγορήν,
414 2051 610 2109 Ὀδυσείδῃ
658 2051 839 2088 Παλλάδα

25 2097 182 2141 θάρσος,
209 2098 304 2143 Βῆτ’
326 2096 467 2143 ἀγορὴν
491 2106 571 2141 etc,
593 2103 634 2134 ut
659 2099 731 2145 ἔχει
755 2112 838 2146 per-

25 2146 135 2180 tinent
158 2144 202 2178 ad
230 2156 364 2180 versum
391 2149 423 2180 1.

72 2192 112 2235 2)
137 2191 217 2225 libri
249 2191 368 2245 pravis
402 2191 566 2226 numeris:
601 2196 642 2227 B.
669 2192 726 2237 οἱγ,
753 2190 837 2235 ἔχει,

26 2234 92 2294 ἤϊα
108 2235 233 2281 γρηός.
250 2237 450 2272 concinnius
468 2239 594 2273 fuisset
611 2241 696 2273 hoc:
719 2242 838 2274 πλουν

28 2281 73 2320 θ’
99 2282 170 2327 ἅμ’
194 2282 345 2329 Ἀθηνᾷ.

75 2331 116 2374 3)
139 2331 258 2366 iidem:
284 2331 450 2385 συνῶρτο
469 2328 508 2366 δ’
529 2326 570 2371 ὃς
596 2330 663 2373 υἷι,
691 2329 766 2365 θεὰ
793 2329 834 2366 δ’

30 2374 132 2420 §.utu
176 2373 332 2411 falsum‘
321 2374 394 2433 ὀς,
397 2389 480 2433 quo
506 2379 638 2411 Nestor
662 2378 836 2421 signitica-

31 2426 140 2458 retur.
161 2423 293 2458 scilicet
317 2422 357 2459 δ’
382 2420 423 2463 ὃς
456 2430 567 2457 ortum
594 2430 648 2458 est,
672 2437 714 2458 ex
739 2423 836 2466 υἱὸς,

28 2479 118 2513 quae
151 2479 217 2502 vox
247 2470 395 2515 priorem
436 2470 599 2516 corripit,
640 2474 678 2504 ut
711 2471 834 2517 passim

25 2513 118 2559 apud
142 2514 334 2550 Homerum.

72 2560 114 2604 4)
139 2559 283 2594 ibidem.
314 2566 361 2599 A.
390 2574 428 2607 μ.
460 2561 560 2608 ἀμφὶ
583 2561 724 2609 πατρὸς
747 2562 833 2608 παρ’

22 2603 180 2649 Ἀτρείδα
203 2610 235 2642 λ.
254 2619 290 2641 υ.

66 2653 106 2696 5)
131 2652 177 2687 ib.
201 2656 308 2688 κεαθ.
332 2653 469 2709 πόντῳ.

68 2701 106 2742 6)
132 2700 295 2745 praebuit
311 2697 356 2734 τοὶ
380 2690 486 2735 codex
504 2701 613 2736 Alteri
633 2703 724 2743 133„
735 2702 830 2756 quod

23 2746 124 2790 vulgo
161 2746 278 2787 abest,
320 2751 454 2791 raptum
489 2759 510 2782 a
550 2749 684 2792 syllaba
717 2747 830 2792 simili,

24 2802 113 2836 quae
137 2771 323 2827 antecedit.
355 2798 503 2828 ceterum
527 2794 626 2828 libri:
651 2814 697 2819 —
727 2794 829 2830 κικό-

24 2849 100 2873 νων
135 2850 203 2873 συν
235 2838 388 2883 κύκλωψ
414 2837 522 2874 ἐστίν.
547 2841 620 2874 CL:
644 2841 826 2885 Λωτοφά-

21 2897 118 2928 γων,
143 2884 330 2926 Κικόνων,
358 2885 427 2920 σύν
452 2886 731 2929 Κυκλώπεσσιν,
754 2888 827 2923 Ἰω-

22 2943 77 2965 τα
102 2931 253 2966 similes
244 2944 278 2966 ιιι
298 2933 397 2966 codd.
423 2944 443 2967 σ
464 2938 499 2967 et
523 2947 541 2967 τ
562 2933 721 2969 litterae:
748 2935 826 2969 hinc

21 2978 110 3012 sorte
151 2978 284 3014 librarii
332 2979 546 3025 scripserunt
588 2980 827 3017 Κυκλώπεστι

884 1959 939 1994 vel
972 1957 1132 1995 Κύκλωπι
1163 1970 1257 2001 εστι,
1288 1958 1414 1993 deinde
1447 1970 1489 1992 ex
1523 1957 1694 1991 industria

886 2005 1048 2050 Κύκλωψ
1097 2005 1194 2051 ἐστὶ,
1237 2017 1304 2051 quo
1346 2017 1465 2040 sensus
1507 2009 1692 2038 constaret.

884 2065 953 2087 vox
975 2052 1077 2088 Ἰὦτα
1101 2053 1329 2099 δισυλλάβως
1352 2051 1604 2097 pronuntianda
1627 2055 1693 2091 est,

884 2111 977 2134 more
995 2101 1204 2135 Latinorum.
1231 2099 1387 2153 copulam
1398 2099 1489 2132 forte
1506 2097 1695 2141 neglectam

885 2151 992 2192 puto,
1015 2147 1143 2192 quippe
1167 2158 1266 2191 quam
1291 2145 1346 2180 hic
1372 2145 1524 2190 scriptor
1547 2154 1693 2196 usurpa-

885 2205 923 2226 re
949 2193 1057 2234 solet,
1090 2193 1286 2237 ubicunque
1309 2192 1392 2226 licet
1424 2201 1485 2236 per
1509 2188 1608 2223 metri
1631 2200 1692 2222 an-

882 2240 1028 2283 gustias,
1073 2238 1311 2275 Κυκλώπεσσι
1344 2237 1435 2282 ξύν,
1458 2242 1496 2270 ut
1518 2234 1692 2280 Ἀρτέμιδι

882 2285 950 2328 ξύν
981 2286 1110 2330 Odyss.
1148 2286 1178 2320 o'
1192 2312 1202 2327 ‚
1239 2286 1318 2321 410.
1357 2283 1598 2317 vocabulorum
1629 2294 1692 2315 m-

882 2335 988 2373 κλος,
1023 2333 1189 2375 Κύκλωψ
1226 2339 1262 2366 et
1285 2331 1438 2366 similium
1465 2328 1597 2373 priores
1622 2329 1692 2372 syl

882 2378 979 2412 labas
1012 2379 1112 2413 Hom.
1145 2378 1325 2425 producit,
1356 2375 1545 2421 Euripides
1580 2382 1692 2409 autem

882 2428 918 2459 et
943 2426 1155 2460 recentiores
1181 2438 1286 2470 saepe
1302 2423 1520 2480 corripiunt.

928 2471 969 2514 7)
996 2472 1063 2504 ¹b·=
1099 2471 1239 2508 Κάππα
1271 2467 1311 2506 δ
1335 2469 1372 2514 ἕχ
1416 2466 1574 2508 Αἰόλου,
1600 2470 1692 2501 Am—

881 2517 1124 2574 στρυγόνων,
1177 2519 1239 2554 καὶ
1287 2519 1425 2605 Κιςρκης
1468 2515 1565 2560 ἔργα.
1616 2515 1690 2549 (ΣΙ.-

881 2562 1008 2599 Κάππ’
1036 2564 1107 2609 ἔχει
1130 2569 1184 2605 Α,
1210 2568 1292 2600 Λ-
1358 2562 1481 2605 ε’ργα
1503 2573 1541 2596 τε
1567 2563 1610 2596 Κ.

927 2612 968 2654 8)
993 2611 1058 2645 ib..
1081 2591 1255 2647 -Ἀίδεω
1272 2612 1412 2668 ψυχαῖς
1428 2608 1592 2651 ἐνέτυχεν
1598 2606 1689 2648 ’,Οδ

881 2658 1051 2703 producta
1084 2660 1271 2704 penultima
1305 2659 1340 2691 in
1378 2655 1562 2713 ἐνέτυχεν,
1597 2656 1687 2700 quod

880 2715 946 2737 non
974 2710 1102 2750 potest.
1125 2705 1197 2740 Cl.·
1221 2700 1446 2749 ἐνετύγχαιΐ,
1474 2703 1536 2737 sed
1558 2701 1688 2737 aoristo

876 2762 962 2796 opus
987 2755 1050 2787 est.

921 2798 962 2840 9)
998 2797 1075 2831 libri
1111 2800 1196 2832 vett.
1231 2794 1415 2841 οἷμέτρωςε
1433 2814 1477 2821 -
1500 2796 1687 2853 πλαγκτάς

873 2841 911 2877 τ’
947 2841 1004 2878 ἰδὲ
1022 2845 1130 2901 βοῦς
1177 2841 1329 2880 <istim
1371 2843 1446 2879 CL·
1486 2841 1684 2887 πλαγκτὰς,

873 2890 967 2945 βοῦς
991 2887 1031 2924 τ’
1054 2887 1223 2926 ’ἭΗελιοιο
1254 2891 1313 2924 sed
1339 2891 1432 2936 βοῦς
1455 2889 1685 2925 videturesse

874 2937 917 2970 ab
951 2937 1150 2981 interprete.
1186 2935 1232 2972 τοὶ
1261 2935 1438 2979 Ἠελίοιο,
1471 2943 1508 2972 ut
1531 2935 1576 2973 τὰ
1603 2940 1683 2973 ιω

871 2982 1045 3028 τοφάγων
1069 2985 1101 3018 9
