1856 3282
181 98 263 141 2⁰4

808 106 1197 153 ΟΜΗΡΟΥ

345 211 481 264 θῆκεν
507 209 812 268 ἐπευξάμενος,
839 215 915 267 τὰς
944 216 988 261 δ’
1019 217 1151 273 ἄλλας
1178 225 1322 278 νεῖμεν
1352 222 1528 280 ἑκάστω,

343 265 546 309 νώτοισιν
575 265 618 310 δ’
645 266 835 327 Ὀδυσῆα
864 274 1126 329 διηνεκέεσσι
1153 278 1354 334 γέραιρεν
1487 271 1498 284 ¹

235 321 314 365 440
344 320 625 376 ἀργιόδοντος
651 324 749 381 ὖὸς,
779 328 956 374 κύδαινε
986 332 1033 375 δὲ
1060 334 1210 389 θυμόν
1239 335 1441 387 ἄνακτος·

343 380 417 421 καί
443 395 520 433 μιν
547 381 752 437 φωνήσας
779 384 977 443 προσέφη
1003 389 1245 447 πολύμητες
1269 389 1504 445 Ὀδυσσεύς
1521 409 1530 418 ·

387 479 516 524 gratias
537 481 586 516 illi
609 483 682 528 agit
704 486 866 531 Ulysses,
889 487 1067 537 laetusque
1090 503 1163 527 cum
1186 492 1287 528 laetis
1310 494 1461 529 subulcis
1483 497 1651 541 epulatur.

337 599 397 654 ὥς

420 548 564 599 ,,Αἴθ’
593 550 752 603 οὕτως,
781 553 973 609 Εὔμαιε,
1006 559 1131 613 φίλος
1160 563 1240 604 Διῒ
1264 562 1394 616 πατρὶ
1423 563 1576 617 γένοιο,

425 603 542 658 ἐμοὶ,
572 605 664 650 ὅττι
691 623 761 663 με,
792 615 915 655 τοῖον
947 612 1089 664 ἐόντ’,
1122 615 1328 671 ἀγαθοῖσι
1356 620 1630 673 γεραίρεις.’“

413 661 501 703 Τόν
527 659 572 705 δ’
605 661 951 722 ἀπαμειβόμενος
979 670 1222 729 προσέφης,
1249 673 1417 728 Εὔμαιε
1446 678 1639 731 συβῶτα·

224 715 305 758 445
334 715 507 774 ,,ξ’σθιε,
539 719 736 774 δαιμόνιε
765 723 938 777 ξείνων,
969 728 1043 770 καὶ
1071 728 1222 784 τέρπεο
1252 732 1406 782 τοῖσδε,

337 774 409 814 οἱα
439 774 648 832 πάρεστι]
675 777 780 829 θεὸς
809 779 855 823 δὲ
882 781 932 825 τό
961 782 1040 838 μὲν
1071 785 1223 839 δώσει,
1251 785 1302 830 τὸ
1331 784 1372 829 δ’
1403 786 1532 840 ἐάσει,

334 826 426 889 ὅττιί
453 845 528 899 κεν
563 832 597 889 ᾧ
628 837 760 889 θυμῷ
790 834 943 894 ἐθέλῃ·
974 839 1156 884 δύναται
1184 841 1268 897 γοέρ
1300 841 1516 886 ἅπαντα-ιι

412 887 471 926 Ἠ
492 901 548 940 ρα
559 917 583 955 ‚,
599 888 671 929 καὶ
701 888 899 951 ἄργματα
927 899 1039 939 θῦσε
1067 901 1189 948 θεοῖς
1219 899 1521 956 αἰειγενέτῃσι·

333 941 507 990 σπείσας
536 942 562 984 δ
611 944 778 987 αἴθοπα
807 952 932 991 οἰνον
960 949 1169 1007 Ὀδυσσῆϊ
1194 954 1477 1013 πτολιπόρθῳ

221 997 303 1041 450
333 995 381 1038 ἐν
409 997 619 1051 χείρεσσιν
647 999 825 1055 ἔθηκεν·
855 1002 881 1047 ὁ
913 1003 957 1047 δ’
988 1005 1100 1059 ἕζετο
1129 1003 1303 1075 ᾗθπαρά
1332 1013 1476 1067 μοίρῃ.

330 1055 453 1096 σῖτον
481 1052 528 1097 δέ
558 1064 666 1110 σφιν
695 1057 834 1113 ἔνειμε
864 1063 991 1105 Μεσα

331 1106 461 1160 αὐτὸς
487 1108 673 1166 κτήσατο
704 1111 818 1166 οἶος,
849 1115 980 1173 α’ποιχ

993 1063 1137 1116 ύλιος,
1169 1063 1222 1108 όν
1249 1065 1305 1120 ῥα
1336 1069 1552 1124 συβώτης,

984 1119 1159 1173 ομένοιο
1191 1119 1389 1174 ἄνακτος,

326 1164 488 1221 νόσφιν
517 1167 749 1226 δεσποίνης
777 1170 850 1214 καὶ
878 1173 1078 1231 Λαέρταο
1112 1176 1341 1232 γέροντος·

154 1333 234 1372 λοις
254 1331 390 1377 linguae
413 1333 636 1371 adolescentis
665 1340 700 1372 et
730 1338 892 1384 proclivis
914 1341 958 1375 ad

154 1380 416 1414 contractiones.
447 1392 536 1426 quae
553 1386 665 1418 tamen
679 1387 854 1431 totamque
871 1387 959 1421 hanc

151 1424 378 1459 narrationem
409 1426 598 1471 Knightius
629 1430 809 1466 fastidiens
838 1432 955 1477 palato

151 1471 300 1513 superbo
325 1471 402 1505 finit
425 1472 549 1507 librum
573 1486 674 1509 versu
699 1476 778 1513 433.
814 1478 958 1519 „coena

151 1515 236 1549 enim
275 1517 416 1558 haec,“
451 1519 584 1563 inquit,
618 1521 686 1563 „in
717 1523 854 1567 tugurio
882 1525 957 1558 Eu-

152 1561 239 1595 maei
273 1563 489 1598 continuatur
522 1570 601 1609 post
634 1567 874 1612 digressionem
910 1570 954 1604 ad

149 1606 389 1642 Telemachum
414 1613 448 1643 et
471 1611 681 1654 Menelaum3
716 1620 820 1660 atque
847 1626 952 1649 nexus

150 1660 185 1687 et
210 1653 315 1687 series
338 1655 565 1701 narrationis,
599 1670 689 1703 quae
713 1661 755 1694 ab
781 1672 821 1694 ea
844 1662 953 1695 inter-

148 1703 251 1743 rupta
274 1703 339 1742 est,
365 1701 548 1736 resumitur
573 1710 607 1736 et
625 1705 878 1749 redintegratur
901 1707 955 1740 in·-

148 1744 203 1777 fra
228 1744 281 1785 α’,
304 1747 402 1787 300.,
436 1747 495 1792 qui
525 1748 569 1782 de
592 1748 671 1785 433.
705 1752 844 1795 hujusce
874 1752 954 1786 libri

148 1789 280 1824 omnino
304 1792 441 1836 pendet.
461 1812 507 1819 —-
549 1801 733 1838 praeterea
755 1808 811 1831 res
834 1809 953 1832 narra-

149 1839 206 1870 tae
230 1836 461 1882 ineptissimae
484 1845 624 1874 suntet
646 1853 785 1886 prorsus
813 1844 954 1877 aniles“

148 1885 214 1916 etc.
262 1887 298 1916 at
331 1888 409 1917 sunt
440 1884 498 1929 qui
522 1884 623 1920 aliter
646 1888 689 1922 de
712 1888 777 1922 hoc
801 1888 875 1923 loco
895 1890 955 1933 ju-

149 1927 283 1970 dicent,
315 1928 350 1962 in
375 1929 497 1974 quibus
527 1934 562 1964 et
593 1931 668 1976 ipse
702 1934 869 1977 profiteor
891 1947 952 1969 no—

148 1986 222 2009 men
244 1985 362 2009 meum.
394 1987 456 2009 nec
474 1976 584 2010 omnia
598 1977 682 2012 haec
701 1980 833 2013 induxit
846 1981 952 2014 Athe-

149 2021 262 2055 nocles
284 2021 375 2067 apud
399 2022 430 2054 Ε
455 2033 488 2067 p.
515 2024 615 2065 1769,
639 2027 706 2066 10.,
732 2030 771 2058 ut
786 2026 951 2069 Knightio

149 2067 260 2101 visum
276 2072 349 2108 est,
372 2068 434 2101 sed
457 2068 526 2100 ista
546 2071 774 2104 tantummodo
798 2073 877 2106 505.
903 2070 954 2111 ὣς

149 2114 220 2149 νῦν
243 2110 401 2158 ἡβώοιμι
423 2132 467 2138 —
492 2112 640 2158 ἔχοντα,
676 2127 738 2161 pro
771 2116 894 2159 quibus
918 2118 951 2152 Ε

148 2170 368 2205 propugnans
399 2159 490 2193 haud
524 2160 660 2205 inepte:
700 2159 719 2196 ὁ
751 2162 791 2197 δὲ
821 2162 884 2198 διὰ
908 2163 950 2198 τό

147 2205 242 2250 πρὸς
266 2205 463 2249 ἀγροίκους
485 2203 617 2250 λέγειν,
642 2207 769 2252 inquit,
799 2211 952 2252 προστί-

147 2255 256 2295 θησι,
280 2250 386 2295 χάριν
410 2254 635 2296 σαφηνείας,
668 2253 730 2288 καὶ
753 2253 819 2299 τήν
843 2254 951 2297 ἀξίω-

148 2309 206 2333 σιν
238 2298 306 2331 τοῦ
345 2298 620 2343 προβληθέντος
654 2299 785 2342 αἴνου,
825 2299 951 2344 εἰπών,

148 2343 207 2385 ὡς
229 2345 315 2378 νῦν
338 2363 383 2367 -
406 2343 487 2387 ἐῆο
502 2356 530 2383 ς.
578 2350 757 2389 praeterea
781 2358 845 2380 non
871 2359 952 2381 con-

149 2389 307 2424 cesserim
330 2389 516 2434 Knightio,
540 2391 679 2425 eandem
702 2392 788 2425 hanc
813 2404 951 2427 coenam

147 2435 214 2469 fflci
238 2436 311 2469 loco
344 2434 421 2476 illo,
457 2447 555 2479 quem
586 2436 771 2479 indicavit,
807 2439 952 2483 proximi

150 2481 249 2522 libri3
281 2480 340 2514 sed
372 2484 509 2525 postero
543 2481 598 2515 die
623 2483 743 2516 iterum
767 2490 950 2519 coenantes

148 2526 278 2560 inducit
304 2528 405 2571 poeta
433 2530 547 2560 noster
572 2528 755 2562 Eumaeum
780 2535 816 2563 et
842 2530 952 2575 Ulys-

149 2584 235 2614 sem,
271 2571 374 2617 idque
403 2572 577 2614 breviter,
609 2585 651 2607 ne
682 2573 827 2608 taedium
859 2580 953 2610 creet

151 2618 346 2652 lectoribus.
395 2629 457 2652 nec
488 2630 559 2653 cum
592 2623 663 2653 tres
697 2620 770 2654 dies
794 2620 953 2655 totidem-

150 2675 220 2708 que
243 2667 359 2697 noctes
371 2663 527 2709 Ulyssem
548 2665 639 2721 apud
657 2675 695 2698 se
715 2673 951 2700 commoratum

152 2720 228 2742 esse
252 2708 337 2743 dicit
360 2709 528 2744 Eumaeus
551 2723 573 2754 ρ
591 2736 601 2752 ,
626 2712 818 2747 185-191
833 2736 843 2752 ,
874 2712 951 2747 salsi

152 2756 319 2788 Homerus
343 2754 585 2790 insimulandus
610 2760 682 2798 est,
714 2757 775 2791 sed
800 2757 887 2791 diem
912 2758 952 2791 il—

154 2801 241 2841 lurn,
266 2811 332 2845 quo
357 2811 432 2834 sero
457 2801 499 2834 ad
521 2813 596 2836 eum
620 2803 778 2847 pervenit
795 2803 952 2848 Ulysses,

152 2846 258 2878 bonus
281 2846 440 2879 subulcus
464 2847 553 2882 haud
583 2852 751 2884 numerat.
795 2849 844 2882 ita
869 2850 953 2884 haec

154 2891 293 2926 crimina
315 2890 474 2928 diluenda
497 2899 589 2938 puto.
627 2894 672 2928 cf.
697 2894 862 2930 Montbel.

1049 1344 1128 1381 439.
1174 1345 1215 1380 Il.
1236 1344 1292 1392 η’,
1316 1347 1395 1384 321.

1048 1425 1117 1460 440
1136 1445 1180 1450 —
1198 1425 1277 1463 454.
1324 1426 1418 1460 Harl.
1433 1437 1443 1455 ε
1484 1425 1697 1462 κύδαινε.
1745 1424 1806 1461 εὕ-

1003 1483 1149 1515 φραινε.
1185 1474 1230 1507 cf.
1255 1483 1331 1507 ann.
1356 1473 1401 1506 ad
1422 1472 1464 1507 Il.
1490 1472 1530 1513 ε’,
1546 1472 1625 1507 448.
1651 1491 1695 1498 —
1730 1475 1802 1507 Am.

1003 1517 1048 1557 Q.
1070 1522 1105 1551 et
1127 1519 1191 1552 B.=
1224 1517 1447 1566 dhoecuo'vzs
1479 1519 1538 1562 (11.
1563 1517 1618 1559 α’,
1641 1520 1731 1559 561,
1757 1517 1802 1562 β’,

1003 1565 1071 1599 190
1093 1565 1186 1608 eta).
1231 1566 1259 1600 τό
1284 1564 1643 1608 κακοδαιμονέστατε.
1690 1567 1802 1600 τοῦτο

999 1609 1040 1666 δέ
1065 1621 1178 1665 φησιν
1203 1611 1391 1655 οἰκτείρων
1415 1623 1448 1644 κ.
1481 1611 1702 1654 συμπαθῶν.
1749 1611 1802 1645 E:

1001 1654 1061 1691 ότι
1109 1659 1330 1697 ευνοοῦντος
1371 1656 1571 1701 ξενοδόχου
1613 1658 1719 1701 λόγος
1759 1658 1801 1693 τὰ
1855 1696 1856 1699 ¹

1001 1700 1130 1736 ἔσθιε
1154 1721 1197 1726 -
1221 1702 1461 1746 πάρεστιν.
1497 1703 1580 1736 mire
1599 1703 1803 1748 Berglerus:

999 1748 1124 1791 optime
1141 1748 1331 1791 hospitum;
1357 1748 1508 1792 vulgaris
1524 1749 1710 1793 interpres:
1732 1751 1803 1783 exi-

999 1794 1065 1826 mie
1086 1795 1264 1838 hospitum.
1297 1801 1393 1828 recte
1406 1796 1519 1829 Voss:
1545 1796 1803 1840 ungliicklicher

994 1840 1199 1884 fremdling.
1221 1860 1265 1865 --
1300 1842 1373 1874 Am.
1400 1841 1445 1881 Q.
1471 1846 1507 1875 et
1529 1840 1592 1874 B.=
1626 1839 1802 1886 ἄργμα-

998 1897 1062 1918 τα.
1105 1883 1173 1925 τὰς
1206 1885 1371 1930 ἀπαρχάς
1403 1888 1476 1921 ταῖν
1506 1887 1666 1929 μερίδων
1698 1888 1802 1931 (429,

998 1930 1105 1975 430),
1137 1928 1159 1975 ἢ
1185 1932 1232 1966 τοὶ
1262 1930 1558 1976 ἀπομερισθέντα
1583 1937 1661 1974 τοῖς
1684 1936 1804 1975 θεοῖς.

998 1994 1043 2002 -
1079 1978 1108 2010 E
1141 1979 1292 2012 conferri
1322 1979 1424 2022 jussit
1455 1979 1516 2012 illa
1549 1978 1590 2013 11.
1626 1978 1673 2022 ι’,
1697 1982 1800 2016 217.ε

997 2019 1092 2067 ἆτᾶρ
1122 2025 1209 2067 κρέα
1239 2027 1361 2068 νεῖμεν
1390 2023 1567 2068 Ἀχιλλεύς.
1592 2045 1637 2052 -
1677 2028 1800 2062 θεοῖσι

998 2067 1038 2103 δὲ
1061 2071 1180 2104 θῦσαι
1211 2068 1344 2114 ἀνώγει
1369 2070 1601 2114 Πάτροκλον,
1635 2069 1679 2105 ὃν
1702 2071 1798 2107 ἑταῖ-

997 2126 1084 2158 ρον·
1109 2112 1129 2151 ὁ
1155 2112 1193 2150 δ’
1217 2116 1256 2151 ἐν
1278 2116 1365 2161 πυρὶ
1390 2115 1497 2161 βάλλε
1520 2117 1683 2161 θυηλὰς,
1707 2118 1740 2152 h.
1766 2131 1797 2155 e.

995 2160 1061 2200 τοὶς
1085 2157 1263 2206 ἄπαρχάς.
1286 2181 1328 2188 ——-
1373 2163 1473 2198 Sch.=
1508 2163 1798 2205 Μεσαύλιος.

996 2204 1116 2248 ὄνομα
1146 2207 1286 2251 κύριον.
1344 2208 1397 2241 E:
1433 2208 1568 2244 οἰκεῖον
1601 2227 1646 2235 --
1676 2210 1798 2253 δούλῳ

997 2249 1166 2298 ἀγροίκῳ.
1187 2273 1232 2278 —-
1257 2255 1326 2287 Am.
1347 2254 1414 2294 Q.=
1439 2253 1515 2289 ἀπὸ
1543 2255 1609 2299 τῆς
1631 2257 1798 2299 μεσατῖ-

997 2301 1078 2333 λου
1113 2298 1180 2343 (κ’,
1204 2299 1272 2335 435
1294 2300 1403 2343 etc),
1446 2302 1513 2342 τῆς
1542 2300 1627 2336 κατ’
1662 2301 1798 2347 ἅγροιὶς

996 2343 1192 2386 §navt-lag,
1216 2345 1257 2380 τὰ
1283 2344 1413 2388 ὄνομα.
1461 2344 1480 2382 ὁ
1505 2349 1614 2389 νοῦς,
1639 2348 1705 2384 πᾶν
1720 2352 1798 2385 Ms-

998 2389 1148 2425 σαύλιον
1173 2393 1310 2426 δοῦλον
1335 2390 1425 2426 ὄντα
1454 2392 1664 2438 ἐξωνήσατο
1688 2394 1709 2430 ὁ
1735 2407 1798 2430 συ-

998 2436 1138 2481 βώτης,
1172 2451 1203 2471 κ.
1230 2436 1348 2478 οὕτως
1367 2436 1540 2482 ἐκτήσατο
1564 2437 1698 2483 μόνος,
1729 2443 1799 2476 τοῦ

994 2482 1203 2524 Ὀδυσσέως
1225 2482 1542 2528 ὑποχωρήσαντος.
1562 2504 1608 2511 --
1650 2484 1801 2528 αὐτὸς

1000 2527 1073 2565 οἷο
1085 2541 1121 2570 ς,
1154 2530 1226 2573 ipsc
1249 2531 1340 2563 solus
1370 2540 1430 2563 suo
1462 2531 1617 2575 peculio,
1651 2544 1715 2566 non
1740 2545 1799 2567 ar-

999 2579 1101 2619 gento
1126 2575 1316 2621 Penelopes
1341 2581 1403 2609 aut
1418 2576 1576 2618 Laertae,
1599 2576 1735 2622 νόσφιν
1753 2598 1796 2603 -

999 2619 1178 2665 γέροντος.
1201 2639 1243 2647 -
1274 2622 1481 2665 Ταφίων.
1508 2623 1568 2668 qui
1590 2623 1726 2658 fuerunt
1744 2625 1797 2669 pi—

998 2672 1098 2701 ratae
1123 2673 1158 2700 et
1181 2663 1485 2712 ἆνδραποδισταί.
1529 2668 1641 2713 puella
1658 2669 1798 2704 Sidonia

999 2710 1054 2752 θ’,
1078 2712 1179 2746 427.=
1213 2711 1306 2747 ἄλλοί
1338 2711 1382 2756 μ’
1415 2712 1629 2758 ἀνήρπαξαν
1659 2713 1799 2760 Τάφιοι

998 2757 1186 2802 ληΐστορες
1217 2757 1368 2803 ἄνδρες,
1398 2757 1568 2805 Ἀγρόθεν
1592 2759 1802 2805 ἐρχομένην,

997 2804 1159 2846 πέρασαν
1185 2804 1224 2840 δέ
1249 2817 1292 2849 με
1325 2804 1431 2848 δεῦρ’
1457 2803 1651 2851 ἀγαγόντες
1678 2804 1798 2841 Τοῦδ’
1855 2839 1856 2854 ¹

1000 2848 1136 2893 ἀνδρὸς
1158 2849 1251 2893 πρὸς
1266 2849 1438 2896 δώμαθ’·
1464 2850 1484 2887 ὁ
1510 2851 1550 2887 δ’
1572 2850 1678 2896 ἄξιον
1703 2847 1800 2887 ὦνον
1854 2855 1856 2861 “

1001 2894 1124 2931 ἔδωκε.
1169 2897 1213 2930 cf.
1240 2907 1317 2931 ann·
1351 2897 1394 2932 ad
1419 2895 1471 2941 α’,
1496 2899 1573 2934 105.
1595 2917 1638 2924 --
1669 2895 1800 2933 κτεά-
