1856 3282
160 138 240 177 154

769 141 1168 187 ΟΜΗΡΟΥ

325 245 423 298 ἷρόν
452 247 710 303 Νυμφάων,
739 254 784 294 αἰ
811 251 983 306 νηιάδες
1010 255 1250 298 καλέονται.

213 304 290 346 105
321 301 368 344 ἐν
397 302 442 345 δὲ
470 305 674 374 κρητῆρές
702 322 745 350 τε
773 308 846 350 καὶ
875 307 1150 365 α’μφιφορῆες
1179 312 1272 355 ἔασι

318 356 481 410 λαϊνοι,
513 359 620 402 ἔνθα
648 361 692 404 δ’
721 363 862 406 ἔπειτα
889 367 1229 433 τιθαιβώσσουσι
1257 367 1468 438 μέλισσαι·

316 413 363 455 ἐν
393 413 434 456 δ’
464 415 574 458 ἱστοὶ
601 419 738 461 λίθεοι
766 420 1038 486 περιμήκεες,
1067 423 1176 466 ἔνθα
1204 440 1248 467 τε
1276 424 1465 479 Νύμφαι

317 467 446 538 φάρε’
475 470 740 525 υφαίνουσιν
768 474 1069 545 αλιπόρφυρα,
1099 482 1248 531 θαῦμα
1278 482 1467 524 ἰδέσθαι·

316 524 363 567 ἐν
393 524 435 568 δ’
464 526 594 570 ’ὕδατ’
623 529 846 573 ἀενάοντα.
894 533 984 576 δύω
1015 535 1060 578 δέ
1089 536 1133 578 τέ
1162 537 1206 578 οἱ
1231 536 1367 590 θύραι
1396 538 1532 581 εἰσίν·

208 585 284 624 110
315 583 360 623 αἱ
387 581 465 634 μὲν
490 585 600 640 πρὸς
628 587 810 640 βορέαο,
839 591 1094 645 καταιβαταὶ
1122 590 1434 646 ἀνθρώποισιν,

314 639 360 680 αἱ
389 637 430 680 δ’
462 641 518 682 αὐ
546 642 655 693 πρὸς
682 644 815 686 νότου
845 646 945 691 εἰσι.
975 647 1209 700 θεώτεραι,
1241 647 1342 692 οὐδὲ
1371 666 1413 691 τι
1440 650 1560 703 κείνῃ

313 692 464 748 ἄνδρες
493 696 760 752 ἐσέρχονται,
790 699 883 742 αλλ’
914 701 1148 746 αθανάτων
1176 704 1277 756 ὁδός
1305 705 1434 748 ἐστιν.

358 797 540 840 exponitur
562 799 701 842 Ulysses
726 814 796 836 cum
821 803 918 837 bonis
940 804 1027 847 suis;
1052 817 1117 850 quo
1141 807 1233 841 facto
1256 806 1400 840 redeunt
1422 806 1608 840 Phaeaces-

372 862 502 906 Ἔνθ’
533 864 616 920 οἵγ’
650 867 892 926 εἰσέλασαν,
921 873 1023 928 πρὶν
1051 873 1220 925 εἰδότες.
1269 872 1295 930 ἡ
1325 874 1404 929 μὲν
1431 873 1574 916 ἔπειτα

138 985 300 1019 παλαιοί.
334 984 392 1020 διὸ
417 986 478 1022 και
502 984 521 1022 ὁ
552 989 768 1034 Πορφύριος
790 991 831 1027 td
858 994 934 1029 πᾶν

136 1030 248 1066 τοῦτο
273 1029 408 1075 ἄντρον
442 1034 493 1073 εἰς
517 1031 748 1095 dquyoot'oev,
757 1043 933 1081 μεταλλα-

136 1076 215 1117 ξεύε
219 1090 248 1119 ι,
283 1076 396 1122 λέγων
427 1077 591 1114 καθόλου
624 1083 699 1117 πᾶν
730 1083 865 1129 ἄντρον
896 1099 928 1120 κ.

135 1122 312 1165 σπήλαιον
345 1124 396 1169 τῷ
429 1124 550 1170 κόσμῳ
568 1131 860 1184 καθιερῶσθαι,
898 1145 930 1166 κ

133 1168 247 1202 πολλοὶ
270 1168 423 1225 γράφων
453 1173 504 1211 εἰς
528 1169 646 1215 αὐτο,
682 1189 732 1216 ως
765 1176 826 1211 οἶα
861 1177 928 1212 τοῦ

131 1213 267 1267 κόσμου
300 1213 436 1260 ἄντρου
474 1217 573 1257 τινός
613 1216 718 1261 ὄντος
746 1224 929 1278 μεγίστου.

132 1255 220 1314 όιιερ
239 1258 498 1316 ἠεροειδὲς
527 1262 594 1307 μὲν
625 1267 763 1311 λέγεται
796 1268 861 1304 διὰ
884 1266 925 1304 τὸ

129 1307 194 1350 τῆς
223 1304 424 1364 αρχεγόνου
457 1307 545 1354 υλης
581 1311 731 1356 αἰσχρὸν
762 1328 795 1349 κ.
826 1314 926 1350 οἷνεί-

130 1352 226 1393 ὁεον,
251 1352 489 1398 ἐπήρατον
514 1355 553 1390 δὲ
571 1357 680 1401 (quod
699 1361 815 1395 vocab.
839 1362 925 1395 male

127 1397 374 1442 interpretatur
405 1400 623 1447 ἐπέραστον)
658 1404 722 1440 δια
753 1406 794 1442 τὸ
827 1406 926 1448 εἶδος

126 1457 158 1478 κ.
181 1445 247 1490 τήν
274 1445 331 1503 ἐξ,
343 1445 460 1483 αὕτοῠ
493 1450 765 1507 εἰδοποιητικὴν
797 1452 925 1488 διακό-

127 1503 277 1547 σμησιν,
309 1491 381 1537 αφ’
413 1489 463 1551 ἧς
483 1497 544 1530 καὶ
568 1494 587 1530 ὁ
610 1497 788 1543 κόσμος
774 1498 922 1553 ἐκλήθη.

125 1557 172 1563 -
203 1537 405 1584 Νύμφας
427 1539 468 1576 δὲ
491 1543 664 1585 ναί’δας
695 1544 832 1586 ἐκεῖνος
864 1542 926 1580 ἅλ-

123 1586 272 1628 ληγορεῖ
290 1586 414 1631 ψυχας
443 1587 574 1627 ἰούσας
597 1591 649 1631 εἰς
672 1590 821 1635 γένεσιν.
866 1591 925 1632 αἷς

123 1634 366 1676 κρατῆρας
400 1631 481 1668 οἶόν
513 1647 615 1677 τινας
653 1649 683 1670 κ.
716 1637 924 1694 οἷμφιφο-

122 1681 224 1721 ρεῖς
248 1677 267 1714 ὁ
291 1681 415 1735 μῦθος
436 1693 482 1715 τα
506 1679 585 1715 κατ’
608 1680 830 1727 ἀνθρώπους
853 1682 923 1719 σοῦ’-

121 1736 231 1767 ματα.
280 1723 376 1761 αὐτοὶ
399 1738 437 1760 τε
459 1726 528 1783 γὰρ
554 1726 592 1762 ἐκ
611 1730 696 1772 γῆς,
721 1744 752 1764 κ.
777 1730 811 1764 οἱ
834 1743 922 1773 κρα-

120 1772 226 1813 τῆρες
249 1773 293 1816 γῆ
318 1770 463 1817 ω’πτημε
449 1772 525 1808 ’νοι
549 1774 650 1808 εἰσιν.
697 1776 734 1810 οὶ
759 1775 799 1810 δὲ
822 1775 921 1821 ’ὑφα-

120 1817 246 1860 σμένοι
268 1818 392 1853 ιστοὶ
416 1821 489 1853 τῶν
509 1822 684 1874 Νυμφῶν
699 1823 921 1865 σαρκοποιΐα

118 1861 217 1898 ἐστὶν
250 1860 273 1908 ἡ
299 1863 337 1898 ἐν
363 1863 486 1906 όστοῖς
510 1863 623 1901 ὁποία
652 1869 715 1902 καί
739 1881 810 1904 τισι
837 1868 919 1914 στή-

118 1907 310 1954 poam-{1¹
332 1911 396 1945 καὶ
419 1913 580 1955 θαῦμα
604 1912 803 1949 ἰδέσθαι
825 1915 919 1960 λέγε-

117 1969 180 1991 ται
203 1956 267 1991 δια
290 1970 333 1992 το
359 1956 452 1993 κατὰ
487 1957 602 2016 φύσιν
624 1962 735 1995 θεῖον
757 1963 822 2005 τῆς
844 1975 920 1998 τοι·

118 2001 234 2047 αύτης
264 2002 485 2060 ἱστουργίας.
543 2003 566 2049 ἡ
601 2003 642 2040 δὲ
679 2008 747 2042 τοῦ
777 2007 919 2051 μέλιτος

117 2047 180 2103 ἐργ
182 2051 267 2084 ασιά
284 2051 346 2085 καὶ
365 2048 458 2094 αυτὴ
477 2054 627 2096 ψυχαῖς,
642 2054 776 2107 φησὶν,
802 2055 919 2089 οἰκεία

116 2092 183 2130 δια
204 2093 245 2130 τό
264 2097 331 2131 τοῦ
349 2096 492 2140 μέλιτος
507 2097 781 2154 πολυδύναμον,
805 2100 917 2142 γλυκύ

115 2154 155 2176 τε
181 2154 224 2176 ον
248 2143 293 2199 τῇ
317 2142 447 2187 γεύσει,
471 2157 502 2178 κ.
522 2143 772 2202 συναγόμενον
795 2144 873 2188 ἐξ’
851 2160 917 2182 αν-

115 2187 216 2223 θέων
249 2187 322 2223 ὑπὸ
354 2191 552 2233 μελισσῶν·
585 2187 636 2225 ῶν
667 2195 712 2238 τῆ
734 2191 854 2236 κλήσει
877 2193 916 2228 αὶ

116 2234 268 2275 δικαίως
296 2234 532 2294 βιοτεύουσαι
561 2238 678 2281 ψυχαὶ
715 2237 917 2281 ὀνομάζον-

116 2294 190 2321 ται,
213 2293 244 2314 κ.
271 2280 364 2325 πρὸς
387 2281 434 2316 τὰ
457 2285 546 2318 θεῖα
567 2284 612 2329 τῇ
635 2285 867 2329 καθαρότητι
891 2283 914 2330 ἢ

114 2324 297 2369 καθάρσει
317 2326 572 2385 στρεφόμεναι,
596 2330 762 2373 μέλισσαι
781 2333 916 2366 καλού

112 2385 219 2417 μεναι
242 2386 274 2407 κ.
300 2372 433 2415 αὐταὶ,
467 2374 564 2410 διότι
597 2376 658 2410 καὶ
688 2380 916 2422 καθαρτικῆς

113 2419 190 2453 ἐστι
212 2416 253 2454 τὸ
278 2420 356 2462 με’λι
381 2421 570 2464 δυνάμεως
593 2436 626 2456 κ.
651 2427 915 2469 συντηρητικῆς

112 2466 405 2520 (conservantis)-
429 2467 623 2512 τραύματα
642 2482 679 2504 τε
698 2470 767 2514 γάρ
784 2472 914 2515 γρόνια

110 2511 226 2555 μέλιτι
249 2503 553 2556 ἐκκαθαίρονται,
584 2529 614 2549 κ.
641 2517 756 2551 πολλα
779 2520 830 2563 τῷ
853 2519 914 2560 με’-

110 2561 179 2592 λιτι
211 2560 310 2601 μένει
354 2557 490 2604 ἅσηπα.
536 2561 598 2596 καὶ
630 2560 747 2602 οὕτως
780 2564 915 2604 ἱκανῶς

111 2602 234 2647 (satis,
261 2605 416 2658 multum)
449 2606 689 2650 ἐπιδιατρίψας
715 2607 734 2642 ὁ
760 2610 913 2653 φιλόσο-

110 2663 182 2693 φος
200 2649 294 2684 κατά
315 2665 398 2686 τινα
417 2657 532 2695 μυῖαν
557 2656 670 2697 (velut
688 2667 812 2696 musca,
837 2665 914 2690 stu-

109 2695 193 2729 diosi
188 2696 306 2730 ·ssime.
365 2699 505 2733 Plautus
538 2700 645 2734 Merc-
682 2702 723 2741 2,
754 2703 797 2742 3,
830 2705 885 2737 26.
904 2715 913 2735 t

108 2753 224 2774 musca
255 2747 304 2776 est
335 2755 429 2778 meus
450 2752 574 2789 pater.-
605 2747 654 2779 nil
684 2752 795 2790 potest
822 2749 910 2781 clam

108 2788 204 2820 illum
227 2788 382 2843 haberi.)
408 2794 459 2837 τῷ
478 2790 665 2837 Ομηρικῶ
687 2792 802 2836 μέλιτι
818 2793 910 2838 λέγει

107 2834 168 2867 καὶ
192 2847 258 2874 τας
283 2833 350 2870 δύο
383 2826 501 2878 πύλας
529 2840 598 2874 τοῦ
622 2839 761 2895 ἄντρου
785 2841 909 2883 καρκί-

107 2891 173 2913 νον
198 2893 290 2915 ειναι
314 2894 344 2917 κ,
371 2883 582 2928 αἰγόκερων,
607 2881 659 2920 ῶν
679 2886 743 2920 δια
767 2885 808 2929 μὲ
815 2899 832 2920 v
850 2887 908 2920 αἰ-

106 2937 187 2969 γεοκ
174 2924 263 2969 lym.
268 2941 307 2968 ος
334 2910 514 2985 ἐδόξαζόν
545 2944 640 2972 τινες
661 2931 784 2976 ψυχάς
809 2931 907 2968 οἶνιέ-

106 2983 188 3014 ναι,
219 2973 282 3010 διὰ
307 2973 348 3010 δὲ
371 2980 546 3022 καρκίνον
570 2980 826 3024 καταβαίνειν,
857 2977 907 3019 ὠς

980 994 1075 1030 εἶναι
1097 996 1165 1030 τόν
1189 996 1230 1041 μὲ
1227 1011 1256 1032 -ν
1278 998 1452 1050 καρκίνον
1476 995 1623 1050 βόρειον
1655 1009 1687 1030 κ.
1710 1007 1776 1030 κα-

978 1042 1188 1097 ταβατικὸν,
1211 1042 1410 1087 αἰγόκερων
1434 1040 1474 1078 δε
1491 1043 1615 1077 νότιον
1633 1054 1664 1075 κ.
1685 1039 1775 1076 ἅνα-

977 1086 1268 1144 βατικὸνψυχῶν
1285 1091 1336 1129 εἰς
1353 1087 1480 1128 θεούς.
1505 1087 1564 1124 διὸ
1583 1087 1646 1123 καὶ
1663 1089 1774 1122 θεω-

977 1133 1115 1176 τέρας
1138 1140 1232 1170 εἰναι
1251 1132 1381 1177 αὐτας.
1417 1133 1479 1170 καὶ
1498 1136 1652 1170 τοιαῦτα
1675 1135 1778 1168 λαλεῖ

975 1179 1111 1221 πολλοὶ,
1152 1180 1481 1235 γλαφυρότητι
1512 1179 1662 1224 λήρων
1693 1192 1774 1214 πυ-

974 1224 1129 1266 καζων
1151 1226 1203 1261 τὸ
1228 1228 1313 1262 τοῦ
1336 1225 1497 1270 μυθου
1522 1224 1774 1278 γλαφυρόν

973 1268 1158 1314 ἄντρον.
1214 1274 1271 1318 qui
1308 1272 1470 1316 ejusmodi
1499 1283 1606 1316 nugas
1637 1270 1772 1305 silentio

972 1318 1164 1362 praeterire
1195 1320 1343 1361 soleam,
1377 1319 1440 1352 has
1465 1317 1633 1362 adscripsi
1664 1328 1773 1360 nuga-

972 1364 1141 1403 cissimas,
1185 1365 1340 1409 quoniam
1374 1363 1505 1409 pondus
1538 1363 1606 1397 illis
1638 1361 1772 1396 addidit

970 1390 1154 1454 Porphyrii
1178 1422 1296 1444 nomen
1314 1415 1348 1444 et
1367 1409 1548 1444 multorum
1569 1409 1770 1453 scriptorum

970 1456 1236 1490 commemoratio
1271 1456 1308 1489 iu
1347 1461 1523 1500 utramque
1553 1460 1693 1500 partem.
1724 1472 1771 1478 ·--

968 1500 1190 1544 νηϊάδες,
1223 1514 1312 1546 quae
1343 1507 1507 1546 praesunt
1530 1501 1682 1534 fontibus
1706 1510 1770 1544 pu-

973 1548 1119 1592 teisque.
1155 1560 1187 1582 v.
1206 1548 1306 1581 Serv.
1333 1552 1370 1580 et
1391 1547 1541 1592 interpp.
1567 1544 1704 1590 Virgilii
1724 1544 1771 1579 ad

970 1593 1091 1637 Eclog.
1116 1595 1170 1636 10,
1191 1595 1225 1635 9,
1248 1593 1377 1637 Hygia.
1400 1593 1470 1627 sab.
1495 1592 1562 1627 182
1580 1598 1647 1626 etc.
1681 1591 1771 1627 κοῦ-

970 1652 1033 1682 ραι
1056 1639 1147 1679 Διὸς
1174 1638 1316 1674 audiunt.
1336 1639 1416 1674 356.

1016 1683 1600 1739 105-111.ἀμφιφορῆες,
1625 1683 1770 1728 ampho-

965 1742 1040 1764 rae.
1083 1729 1140 1776 β’,
1163 1733 1240 1766 290.
1270 1750 1315 1754 -
1359 1727 1710 1784 τιθαιβώσσειν
1734 1730 1766 1763 Ε

966 1777 1091 1810 dictum
1115 1782 1213 1821 putat
1247 1787 1309 1821 pro
1332 1774 1596 1822 τιθοβώσσειν,
1626 1779 1665 1808 ut
1687 1778 1768 1811 Πυ-

965 1822 1135 1866 λαιμένης
1158 1829 1193 1856 et
1215 1823 1466 1866 μεσαιπόλιος,
1500 1822 1543 1856 de
1575 1821 1698 1866 quibus
1722 1821 1767 1857 ad

965 1869 1006 1902 11.
1029 1867 1074 1909 ν’,
1099 1871 1178 1904 361.
1191 1881 1201 1910 3
1232 1868 1293 1903 sed
1319 1881 1352 1902 v.
1375 1869 1480 1903 Schn.
1504 1872 1540 1902 et
1563 1867 1707 1902 Riemer.
1730 1868 1767 1902 h.

965 1926 999 1947 v.
1024 1917 1088 1959 Ap.
1102 1915 1252 1948 emend.·
1275 1912 1669 1972 τιθαιβώσσουσι.
1693 1914 1766 1948 τῶν

965 1958 1062 2002 ἅπαξ
1079 1959 1284 2016 εἰρημένων
1299 1959 1358 1996 ἐπὶ
1378 1962 1451 1996 τῶν
1465 1959 1654 2017 μελισσῶν.
1682 1958 1764 1994 οἷον

965 2004 1208 2042 ἀποτιθενται
1242 2005 1309 2051 τήν
1338 2006 1465 2053 βόσιν,
1499 2005 1663 2041 τουτέστι
1694 2003 1765 2049 τὴν

963 2052 1106 2096 τροφήν
1129 2051 1478 2108 ἀποθησαυρίζουσι.
1507 2052 1664 2108 εἰιιιὶἱὶζειῑ
1680 2052 1762 2086 Sch.

963 2119 1007 2124 —
1041 2101 1112 2133 Am.
1145 2099 1212 2139 Q:
1256 2099 1411 2144 φάρεα
1443 2095 1762 2153 ἁλιπόρφυρα.

962 2143 1109 2180 ἐοικότα
1132 2146 1177 2190 τῇ
1199 2146 1366 2202 θαλάσσῃ
1394 2142 1684 2190 πορφυριζιιυση.
1725 2154 1760 2178 v.

962 2190 1013 2234 ζ,
1043 2192 1099 2226 53.
1131 2211 1175 2217 -
1215 2189 1472 2234 αἐνοὶοντα,
1506 2191 1684 2236 perennia.
1714 2208 1761 2216 —

961 2236 1123 2293 θύραι.
1147 2250 1180 2273 V.
1199 2240 1278 2275 370.
1296 2257 1341 2263 —
1363 2238 1465 2272 sch..
1485 2235 1759 2295 καταβαταὶ

963 2284 1056 2341 (sic),
1075 2280 1208 2325 ἄνθρ.
1243 2283 1415 2339 βάσιμοι,
1441 2281 1495 2318 δι’
1522 2279 1573 2318 ὧν
1592 2279 1760 2339 καταβα-

962 2331 1016 2370 σίς
1040 2327 1137 2364 ἐστιν
1168 2328 1392 2374 ἀνθρώποις.
1428 2348 1469 2355 -·
1508 2328 1759 2372 θεωτεραι,

959 2378 1074 2411 θεῖαι.
1111 2377 1155 2410 cf
1179 2375 1228 2421 μ’,
1254 2379 1331 2412 185.
1377 2379 1450 2411 Αιιι.
1473 2375 1535 2433 Β..
1570 2374 1760 2418 θειότεραι

959 2437 992 2457 κ.
1019 2420 1150 2481 ἄβατοι
1175 2422 1403 2466 ανθρώποις.
1438 2421 1498 2456 επὶ
1523 2418 1562 2456 δε
1586 2423 1660 2454 τῶν
1684 2419 1755 2456 δύο

959 2470 1090 2510 θυρῶν
1115 2468 1152 2504 ἐν
1175 2471 1230 2526 τῷ
1260 2472 1416 2511 διαιρεῖν
1442 2479 1555 2512 φησιν
1587 2466 1709 2510 (scrib.
1734 2465 1757 2501 ὅ

960 2516 1089 2558 φησιν)
1116 2515 1161 2549 αἱ
1185 2515 1287 2559 μὲν,
1312 2516 1358 2549 αὶ
1382 2512 1448 2555 δε,
1473 2512 1666 2558 ἐνδέχεται,
1687 2511 1757 2556 τήν

958 2563 1049 2604 μίαν
1072 2561 1225 2607 ἑκάστην
1247 2560 1370 2606 θύραν
1392 2541 1550 2605 δίθυρον
1573 2557 1680 2596 εἶναι.
1710 2559 1756 2592 cf.

1027 2607 1113 2649 344,
1138 2609 1170 2643 5.

958 2606 1214 2690 β113-118.
1246 2653 1357 2696 πρὶν
1382 2651 1672 2694 εἰδότες,]“απι
1693 2661 1756 2683 an-

958 2704 992 2734 te
1015 2701 1120 2743 gnari
1145 2706 1264 2744 portus
1287 2700 1388 2735 illius.
1429 2699 1480 2733 E:
1505 2717 1550 2724 —-
1575 2695 1634 2732 ὅτι
1655 2695 1755 2731 πάνυ

957 2747 1127 2785 πιθανῶς
1144 2747 1310 2782 ἐνταῦθα
1326 2743 1459 2790 ἐῤῥέθη
1469 2741 1510 2780 τό
1530 2744 1640 2786 πρὶν
1656 2743 1738 2777 εἰδ.
1732 2766 1755 2783 .,

956 2792 1019 2826 ἵνα
1043 2794 1306 2838 εἰκοτολογηθῇ
1327 2791 1369 2826 τό
1395 2791 1434 2826 ἐν
1453 2791 1557 2827 νυκτὶ
1579 2789 1757 2833 τολμῆσαι

953 2837 1042 2879 τούς
1068 2841 1231 2878 Φαίακας
1255 2829 1394 2881 ἐπεῖξαι
1421 2836 1514 2873 κατά
1537 2838 1602 2881 τῆς
1624 2834 1753 2889 χέρσου

954 2884 1093 2926 κώπαις
1126 2885 1229 2926 ὅλαις
1257 2884 1323 2930 τὴν
1355 2885 1446 2926 νῆα·
1481 2882 1570 2925 ὅπερ
1604 2894 1672 2916 ουκ
1704 2877 1753 2915 ἂν

953 2931 1128 2974 ἐποίησαν
1153 2930 1267 2975 οὔσης
1289 2929 1440 2972 νυκτὸς,
1466 2931 1500 2965 εἰ
1520 2927 1571 2972 μὴ
1597 2925 1754 2972 ἀκριβῶς

954 2976 1116 3023 7”δεισαν.
1140 2998 1185 3004 --
1229 2977 1253 3024 ἡ
1283 2976 1390 3022 μὲν,
1424 2975 1449 3022 ἡ
1473 2976 1580 3018 ναῦς.
1624 2973 1754 3019 ellipsis
