<?xml version="1.0" encoding="UTF-8"?>
<!DOCTYPE html PUBLIC "-//W3C//DTD XHTML 1.0 Transitional//EN"
    "http://www.w3.org/TR/xhtml1/DTD/xhtml1-transitional.dtd">
<html xmlns="http://www.w3.org/1999/xhtml" xml:lang="en" lang="en">
 <head>
  <title>
</title>
<meta http-equiv="Content-Type" content="text/html;charset=utf-8" />
  <meta name='ocr-system' content='tesseract 3.04.00' />
  <meta name='ocr-capabilities' content='ocr_page ocr_carea ocr_par ocr_line ocrx_word'/>
</head>
<body>
  <div class='ocr_page' id='page_1' title='image "./carmina03home/carmina03home_0494.png"; bbox 0 0 1856 3282; ppageno 0'>
   <div class='ocr_carea' id='block_1_1' title="bbox 159 119 241 160">
    <p class='ocr_par' dir='ltr' id='par_1_1' title="bbox 159 119 241 160">
     <span class='ocr_line' id='line_1_1' title="bbox 159 119 241 160; baseline 0 0"><span class='ocrx_word' id='word_1_1' title='bbox 159 119 241 160; x_wconf 77' lang='lat'><em>218</em></span> 
     </span>
    </p>
   </div>
   <div class='ocr_carea' id='block_1_2' title="bbox 789 125 1180 172">
    <p class='ocr_par' dir='ltr' id='par_1_2' title="bbox 789 125 1180 172">
     <span class='ocr_line' id='line_1_2' title="bbox 789 125 1180 172; baseline 0.013 -4"><span class='ocrx_word' id='word_1_2' title='bbox 789 125 1180 172; x_wconf 73' lang='grc' dir='ltr'><em>ΟΜΗΡΟΥ</em></span> 
     </span>
    </p>
   </div>
   <div class='ocr_carea' id='block_1_3' title="bbox 548 237 1368 287">
    <p class='ocr_par' dir='ltr' id='par_1_3' title="bbox 548 237 1368 287">
     <span class='ocr_line' id='line_1_3' title="bbox 548 237 1368 287; baseline 0.012 -19"><span class='ocrx_word' id='word_1_3' title='bbox 548 237 736 280; x_wconf 72' lang='lat' dir='ltr'><strong>apparatur</strong></span> <span class='ocrx_word' id='word_1_4' title='bbox 758 238 957 283; x_wconf 84' lang='lat' dir='ltr'><strong>prandium,</strong></span> <span class='ocrx_word' id='word_1_5' title='bbox 990 239 1145 287; x_wconf 79' lang='lat' dir='ltr'><strong>donaque</strong></span> <span class='ocrx_word' id='word_1_6' title='bbox 1168 242 1368 278; x_wconf 77' lang='lat' dir='ltr'><strong>afferuntur.</strong></span> 
     </span>
    </p>
   </div>
   <div class='ocr_carea' id='block_1_4' title="bbox 236 296 1588 549">
    <p class='ocr_par' dir='ltr' id='par_1_4' title="bbox 236 296 1588 549">
     <span class='ocr_line' id='line_1_4' title="bbox 403 296 1588 367; baseline 0.014 -26"><span class='ocrx_word' id='word_1_7' title='bbox 403 296 556 355; x_wconf 77' lang='grc' dir='ltr'><em>Λύτάρ</em></span> <span class='ocrx_word' id='word_1_8' title='bbox 587 301 673 360; x_wconf 68' lang='grc' dir='ltr'><em>ἐπεὶ</em></span> <span class='ocrx_word' id='word_1_9' title='bbox 704 303 800 360; x_wconf 89' lang='grc' dir='ltr'><em>τόγ’</em></span> <span class='ocrx_word' id='word_1_10' title='bbox 829 304 990 350; x_wconf 78' lang='grc' dir='ltr'><strong><em>ἄκουσε</em></strong></span> <span class='ocrx_word' id='word_1_11' title='bbox 1019 308 1131 364; x_wconf 76' lang='grc' dir='ltr'><em>βοήν</em></span> <span class='ocrx_word' id='word_1_12' title='bbox 1160 308 1327 365; x_wconf 84' lang='grc' dir='ltr'><em>ἀγαθὸς</em></span> <span class='ocrx_word' id='word_1_13' title='bbox 1355 312 1588 367; x_wconf 82' lang='grc' dir='ltr'><em>Μενέλαος,</em></span> 
     </span>
     <span class='ocr_line' id='line_1_5' title="bbox 324 351 1310 421; baseline 0.014 -25"><span class='ocrx_word' id='word_1_14' title='bbox 324 351 469 398; x_wconf 77' lang='grc' dir='ltr'><em>αὐτίκ’</em></span> <span class='ocrx_word' id='word_1_15' title='bbox 500 355 574 410; x_wconf 79' lang='grc' dir='ltr'><em>ἄρ’</em></span> <span class='ocrx_word' id='word_1_16' title='bbox 603 360 631 415; x_wconf 81' lang='grc' dir='ltr'><em>ῇ</em></span> <span class='ocrx_word' id='word_1_17' title='bbox 660 358 802 419; x_wconf 83' lang='grc' dir='ltr'><em>ἀλόχῳ</em></span> <span class='ocrx_word' id='word_1_18' title='bbox 831 360 908 417; x_wconf 78' lang='grc' dir='ltr'><em>ἡδὲ</em></span> <span class='ocrx_word' id='word_1_19' title='bbox 938 365 1107 421; x_wconf 80' lang='grc' dir='ltr'><em>δμωῇσι</em></span> <span class='ocrx_word' id='word_1_20' title='bbox 1137 365 1310 410; x_wconf 84' lang='grc' dir='ltr'><em>κέλευσε</em></span> 
     </span>
     <span class='ocr_line' id='line_1_6' title="bbox 323 411 1537 472; baseline 0.014 -19"><span class='ocrx_word' id='word_1_21' title='bbox 323 411 502 454; x_wconf 87' lang='grc' dir='ltr'><em>δεῖπνον</em></span> <span class='ocrx_word' id='word_1_22' title='bbox 529 412 592 457; x_wconf 80' lang='grc' dir='ltr'><em>ἐνὶ</em></span> <span class='ocrx_word' id='word_1_23' title='bbox 620 416 824 471; x_wconf 79' lang='grc' dir='ltr'><em>μεγάροις</em></span> <span class='ocrx_word' id='word_1_24' title='bbox 851 425 1047 463; x_wconf 85' lang='grc' dir='ltr'><strong><em>τετυκεῖν</em></strong></span> <span class='ocrx_word' id='word_1_25' title='bbox 1079 421 1174 472; x_wconf 82' lang='grc' dir='ltr'><em>ἅλις</em></span> <span class='ocrx_word' id='word_1_26' title='bbox 1203 422 1335 467; x_wconf 78' lang='grc' dir='ltr'><em>ἔνδον</em></span> <span class='ocrx_word' id='word_1_27' title='bbox 1363 423 1537 471; x_wconf 79' lang='grc' dir='ltr'><em>ἐόντων.</em></span> 
     </span>
     <span class='ocr_line' id='line_1_7' title="bbox 236 465 1386 549; baseline 0.012 -38"><span class='ocrx_word' id='word_1_28' title='bbox 236 468 292 511; x_wconf 83' lang='grc'><em>95</em></span> <span class='ocrx_word' id='word_1_29' title='bbox 321 465 559 536; x_wconf 69' lang='grc' dir='ltr'><em>ἀγχίμολον</em></span> <span class='ocrx_word' id='word_1_30' title='bbox 585 471 634 514; x_wconf 85' lang='grc' dir='ltr'><em>δέ</em></span> <span class='ocrx_word' id='word_1_31' title='bbox 663 475 706 516; x_wconf 83' lang='grc' dir='ltr'><em>οἱ</em></span> <span class='ocrx_word' id='word_1_32' title='bbox 731 469 840 528; x_wconf 80' lang='grc' dir='ltr'><em>ἦλθε</em></span> <span class='ocrx_word' id='word_1_33' title='bbox 871 478 1120 533; x_wconf 83' lang='grc' dir='ltr'><em>Βοηθοίδης</em></span> <span class='ocrx_word' id='word_1_34' title='bbox 1145 476 1386 549; x_wconf 70' lang='grc' dir='ltr'><em>Ἐτεωνεύς,</em></span> 
     </span>
    </p>
   </div>
   <div class='ocr_carea' id='block_1_5' title="bbox 334 521 345 536">
    <p class='ocr_par' dir='ltr' id='par_1_5' title="bbox 334 521 345 536">
     <span class='ocr_line' id='line_1_8' title="bbox 334 521 345 536; baseline 0 0"><span class='ocrx_word' id='word_1_35' title='bbox 334 521 345 536; x_wconf 73' lang='lat'><em>2</em></span> 
     </span>
    </p>
   </div>
   <div class='ocr_carea' id='block_1_6' title="bbox 319 525 1526 592">
    <p class='ocr_par' dir='ltr' id='par_1_6' title="bbox 319 525 1526 592">
     <span class='ocr_line' id='line_1_9' title="bbox 319 525 1526 592; baseline 0.015 -27"><span class='ocrx_word' id='word_1_36' title='bbox 319 535 483 592; x_wconf 76' lang='grc' dir='ltr'><em>ανστας</em></span> <span class='ocrx_word' id='word_1_37' title='bbox 512 525 556 579; x_wconf 80' lang='grc' dir='ltr'><em>ἐξ</em></span> <span class='ocrx_word' id='word_1_38' title='bbox 583 526 734 584; x_wconf 72' lang='grc' dir='ltr'><em>εὐνῆς,</em></span> <span class='ocrx_word' id='word_1_39' title='bbox 763 529 851 574; x_wconf 80' lang='grc' dir='ltr'><em>ἐπεὶ</em></span> <span class='ocrx_word' id='word_1_40' title='bbox 883 531 939 575; x_wconf 83' lang='grc' dir='ltr'><em>οὐ</em></span> <span class='ocrx_word' id='word_1_41' title='bbox 966 534 1079 577; x_wconf 86' lang='grc' dir='ltr'><em>πολὺ</em></span> <span class='ocrx_word' id='word_1_42' title='bbox 1107 540 1230 579; x_wconf 83' lang='grc' dir='ltr'><strong><em>ναῖεν</em></strong></span> <span class='ocrx_word' id='word_1_43' title='bbox 1258 536 1334 580; x_wconf 89' lang='grc' dir='ltr'><em>απ’</em></span> <span class='ocrx_word' id='word_1_44' title='bbox 1366 535 1526 582; x_wconf 80' lang='grc' dir='ltr'><em>αὐτοῦ·</em></span> 
     </span>
    </p>
   </div>
   <div class='ocr_carea' id='block_1_7' title="bbox 317 584 1592 717">
    <p class='ocr_par' dir='ltr' id='par_1_7' title="bbox 317 584 1592 717">
     <span class='ocr_line' id='line_1_10' title="bbox 317 584 1425 649; baseline 0.014 -27"><span class='ocrx_word' id='word_1_45' title='bbox 317 596 398 649; x_wconf 52' lang='grc' dir='ltr'><em>Ιτὀν</em></span> <span class='ocrx_word' id='word_1_46' title='bbox 427 585 516 636; x_wconf 84' lang='grc' dir='ltr'><em>πῦρ</em></span> <span class='ocrx_word' id='word_1_47' title='bbox 545 587 648 640; x_wconf 85' lang='grc' dir='ltr'><em>κῆαι</em></span> <span class='ocrx_word' id='word_1_48' title='bbox 677 584 820 643; x_wconf 78' lang='grc' dir='ltr'><em>ἄνωγε</em></span> <span class='ocrx_word' id='word_1_49' title='bbox 851 588 965 645; x_wconf 83' lang='grc' dir='ltr'><em>βοὴν</em></span> <span class='ocrx_word' id='word_1_50' title='bbox 992 591 1160 646; x_wconf 85' lang='grc' dir='ltr'><em>ἀγαθὸς</em></span> <span class='ocrx_word' id='word_1_51' title='bbox 1188 593 1425 644; x_wconf 83' lang='grc' dir='ltr'><em>Μενέλαος,</em></span> 
     </span>
     <span class='ocr_line' id='line_1_11' title="bbox 317 639 1592 717; baseline 0.013 -39"><span class='ocrx_word' id='word_1_52' title='bbox 317 639 503 693; x_wconf 87' lang='grc' dir='ltr'><em>οπτῆσαί</em></span> <span class='ocrx_word' id='word_1_53' title='bbox 526 655 572 683; x_wconf 93' lang='grc' dir='ltr'><em>τε</em></span> <span class='ocrx_word' id='word_1_54' title='bbox 599 645 761 694; x_wconf 72' lang='grc' dir='ltr'><em>κρεῶν·</em></span> <span class='ocrx_word' id='word_1_55' title='bbox 797 641 821 687; x_wconf 90' lang='grc' dir='ltr'>ὁ</span> <span class='ocrx_word' id='word_1_56' title='bbox 852 643 895 688; x_wconf 88' lang='grc' dir='ltr'><em>δ’</em></span> <span class='ocrx_word' id='word_1_57' title='bbox 925 645 1004 701; x_wconf 83' lang='grc' dir='ltr'><em>ἄρ’</em></span> <span class='ocrx_word' id='word_1_58' title='bbox 1034 646 1116 691; x_wconf 83' lang='grc' dir='ltr'><em>οὐκ</em></span> <span class='ocrx_word' id='word_1_59' title='bbox 1146 647 1361 717; x_wconf 72' lang='grc' dir='ltr'><em>ἀπίθησεν</em></span> <span class='ocrx_word' id='word_1_60' title='bbox 1389 648 1592 702; x_wconf 81' lang='grc' dir='ltr'><em>ἀκούσας.</em></span> 
     </span>
    </p>
   </div>
   <div class='ocr_carea' id='block_1_8' title="bbox 316 692 504 745">
    <p class='ocr_par' dir='ltr' id='par_1_8' title="bbox 316 692 504 745">
     <span class='ocr_line' id='line_1_12' title="bbox 316 692 504 745; baseline 0.011 -9"><span class='ocrx_word' id='word_1_61' title='bbox 316 692 449 745; x_wconf 75' lang='grc' dir='ltr'><em>αὐτὸς</em></span> <span class='ocrx_word' id='word_1_62' title='bbox 478 696 504 738; x_wconf 91' lang='grc' dir='ltr'><em>δ</em></span> 
     </span>
    </p>
   </div>
   <div class='ocr_carea' id='block_1_9' title="bbox 511 693 1366 762">
    <p class='ocr_par' dir='ltr' id='par_1_9' title="bbox 511 693 1366 762">
     <span class='ocr_line' id='line_1_13' title="bbox 511 693 1366 762; baseline 0.013 -23"><span class='ocrx_word' id='word_1_63' title='bbox 511 693 522 709; x_wconf 84' lang='lat'><em>’</em></span> <span class='ocrx_word' id='word_1_64' title='bbox 555 696 598 747; x_wconf 83' lang='grc' dir='ltr'><em>ἐς</em></span> <span class='ocrx_word' id='word_1_65' title='bbox 625 697 829 754; x_wconf 83' lang='grc' dir='ltr'><em>θάλαμον</em></span> <span class='ocrx_word' id='word_1_66' title='bbox 860 702 1129 760; x_wconf 80' lang='grc' dir='ltr'><strong><em>κατεβήσατο</em></strong></span> <span class='ocrx_word' id='word_1_67' title='bbox 1159 722 1366 762; x_wconf 83' lang='grc' dir='ltr'><em>κηωεντα,</em></span> 
     </span>
    </p>
   </div>
   <div class='ocr_carea' id='block_1_10' title="bbox 197 747 1583 1380">
    <p class='ocr_par' dir='ltr' id='par_1_10' title="bbox 205 747 1583 875">
     <span class='ocr_line' id='line_1_14' title="bbox 205 747 1583 820; baseline 0.014 -27"><span class='ocrx_word' id='word_1_68' title='bbox 205 754 285 794; x_wconf 92' lang='grc'><em>100</em></span> <span class='ocrx_word' id='word_1_69' title='bbox 316 749 398 794; x_wconf 76' lang='grc' dir='ltr'><em>οὐκ</em></span> <span class='ocrx_word' id='word_1_70' title='bbox 428 747 545 802; x_wconf 87' lang='grc' dir='ltr'><em>οἷος,</em></span> <span class='ocrx_word' id='word_1_71' title='bbox 576 753 665 809; x_wconf 82' lang='grc' dir='ltr'><em>ἅμα</em></span> <span class='ocrx_word' id='word_1_72' title='bbox 696 755 799 812; x_wconf 76' lang='grc' dir='ltr'><em>τῷγ’</em></span> <span class='ocrx_word' id='word_1_73' title='bbox 825 756 974 815; x_wconf 81' lang='grc' dir='ltr'><strong><em>Ἑλένη</em></strong></span> <span class='ocrx_word' id='word_1_74' title='bbox 1003 761 1089 812; x_wconf 83' lang='grc' dir='ltr'><em>κίε,</em></span> <span class='ocrx_word' id='word_1_75' title='bbox 1120 762 1191 805; x_wconf 83' lang='grc' dir='ltr'><em>καὶ</em></span> <span class='ocrx_word' id='word_1_76' title='bbox 1222 761 1529 820; x_wconf 58' lang='grc' dir='ltr'><em>Μεῆπένθης.</em></span> <span class='ocrx_word' id='word_1_77' title='bbox 1580 809 1583 812; x_wconf 76' lang='grc'><em>,</em></span> 
     </span>
     <span class='ocr_line' id='line_1_15' title="bbox 270 804 1464 875; baseline 0.013 -27"><span class='ocrx_word' id='word_1_78' title='bbox 270 806 294 834; x_wconf 88' lang='grc'>*</span> <span class='ocrx_word' id='word_1_79' title='bbox 323 804 420 850; x_wconf 88' lang='grc' dir='ltr'><em>ἀλλ’</em></span> <span class='ocrx_word' id='word_1_80' title='bbox 453 806 523 850; x_wconf 82' lang='grc' dir='ltr'><em>ὅτε</em></span> <span class='ocrx_word' id='word_1_81' title='bbox 553 810 607 865; x_wconf 84' lang='grc' dir='ltr'><em>δή</em></span> <span class='ocrx_word' id='word_1_82' title='bbox 637 810 680 867; x_wconf 79' lang='grc' dir='ltr'><em>ῥ’</em></span> <span class='ocrx_word' id='word_1_83' title='bbox 716 814 894 869; x_wconf 77' lang='grc' dir='ltr'><em>ἵκανον,</em></span> <span class='ocrx_word' id='word_1_84' title='bbox 926 815 1006 859; x_wconf 80' lang='grc' dir='ltr'><em>ὅθ’</em></span> <span class='ocrx_word' id='word_1_85' title='bbox 1036 818 1079 860; x_wconf 84' lang='grc' dir='ltr'><em>οἱ</em></span> <span class='ocrx_word' id='word_1_86' title='bbox 1108 818 1308 875; x_wconf 81' lang='grc' dir='ltr'><em>κειμήλια</em></span> <span class='ocrx_word' id='word_1_87' title='bbox 1335 824 1464 874; x_wconf 82' lang='grc' dir='ltr'><em>κεῖτο,</em></span> 
     </span>
    </p>

    <p class='ocr_par' dir='ltr' id='par_1_11' title="bbox 310 861 1504 1042">
     <span class='ocr_line' id='line_1_16' title="bbox 312 861 1504 931; baseline 0.013 -26"><span class='ocrx_word' id='word_1_88' title='bbox 312 861 524 920; x_wconf 89' lang='grc' dir='ltr'><em>Ἀτρείδης</em></span> <span class='ocrx_word' id='word_1_89' title='bbox 553 867 632 922; x_wconf 80' lang='grc' dir='ltr'><em>μὲν</em></span> <span class='ocrx_word' id='word_1_90' title='bbox 661 868 805 913; x_wconf 75' lang='grc' dir='ltr'><em>ἔπειτα</em></span> <span class='ocrx_word' id='word_1_91' title='bbox 837 871 970 924; x_wconf 82' lang='grc' dir='ltr'><strong><em>δέπας</em></strong></span> <span class='ocrx_word' id='word_1_92' title='bbox 999 873 1133 929; x_wconf 77' lang='grc' dir='ltr'><em>λάβεν</em></span> <span class='ocrx_word' id='word_1_93' title='bbox 1163 873 1504 931; x_wconf 81' lang='grc' dir='ltr'><em>ἀμφικύπελλον,</em></span> 
     </span>
     <span class='ocr_line' id='line_1_17' title="bbox 311 919 1410 986; baseline 0.013 -24"><span class='ocrx_word' id='word_1_94' title='bbox 311 919 415 963; x_wconf 82' lang='grc' dir='ltr'><em>υἱόν</em></span> <span class='ocrx_word' id='word_1_95' title='bbox 443 921 490 964; x_wconf 83' lang='grc' dir='ltr'><em>δὲ</em></span> <span class='ocrx_word' id='word_1_96' title='bbox 518 927 715 979; x_wconf 76' lang='grc' dir='ltr'><em>κρητῆρα</em></span> <span class='ocrx_word' id='word_1_97' title='bbox 745 926 897 981; x_wconf 88' lang='grc' dir='ltr'><em>φέρειν</em></span> <span class='ocrx_word' id='word_1_98' title='bbox 927 931 1212 983; x_wconf 81' lang='grc' dir='ltr'><em>Μεγαπένθε’</em></span> <span class='ocrx_word' id='word_1_99' title='bbox 1242 931 1410 986; x_wconf 74' lang='grc' dir='ltr'><em>ἄνωγεν</em></span> 
     </span>
     <span class='ocr_line' id='line_1_18' title="bbox 310 975 1405 1042; baseline 0.013 -25"><span class='ocrx_word' id='word_1_100' title='bbox 310 975 550 1031; x_wconf 83' lang='grc' dir='ltr'><em>ἀργύρεον·</em></span> <span class='ocrx_word' id='word_1_101' title='bbox 577 979 726 1037; x_wconf 79' lang='grc' dir='ltr'><em>Ἑλένη</em></span> <span class='ocrx_word' id='word_1_102' title='bbox 756 983 802 1026; x_wconf 81' lang='grc' dir='ltr'><em>δὲ</em></span> <span class='ocrx_word' id='word_1_103' title='bbox 830 985 1069 1038; x_wconf 86' lang='grc' dir='ltr'><em>παρίστατο</em></span> <span class='ocrx_word' id='word_1_104' title='bbox 1096 993 1405 1042; x_wconf 77' lang='grc' dir='ltr'><em>φωριαμοῖσιν,</em></span> 
     </span>
    </p>

    <p class='ocr_par' dir='ltr' id='par_1_12' title="bbox 201 1031 1573 1320">
     <span class='ocr_line' id='line_1_19' title="bbox 201 1031 1573 1100; baseline 0.008 -24"><span class='ocrx_word' id='word_1_105' title='bbox 201 1034 279 1077; x_wconf 89' lang='grc'><em>105</em></span> <span class='ocrx_word' id='word_1_106' title='bbox 309 1031 411 1076; x_wconf 80' lang='grc' dir='ltr'><em>ἔνθ’</em></span> <span class='ocrx_word' id='word_1_107' title='bbox 440 1033 546 1078; x_wconf 75' lang='grc' dir='ltr'><em>ἔσαν</em></span> <span class='ocrx_word' id='word_1_108' title='bbox 576 1037 622 1079; x_wconf 83' lang='grc' dir='ltr'><em>οἱ</em></span> <span class='ocrx_word' id='word_1_109' title='bbox 648 1037 806 1082; x_wconf 83' lang='grc' dir='ltr'><em>πέπλοι</em></span> <span class='ocrx_word' id='word_1_110' title='bbox 835 1041 1145 1096; x_wconf 83' lang='grc' dir='ltr'><em>παμποίκιλοι,</em></span> <span class='ocrx_word' id='word_1_111' title='bbox 1178 1042 1256 1093; x_wconf 79' lang='grc' dir='ltr'><em>οὓς</em></span> <span class='ocrx_word' id='word_1_112' title='bbox 1287 1044 1422 1098; x_wconf 84' lang='grc' dir='ltr'><em>κάμεν</em></span> <span class='ocrx_word' id='word_1_113' title='bbox 1452 1042 1573 1100; x_wconf 80' lang='grc' dir='ltr'><em>αὐτή.</em></span> 
     </span>
     <span class='ocr_line' id='line_1_20' title="bbox 308 1089 1464 1155; baseline 0.011 -25"><span class='ocrx_word' id='word_1_114' title='bbox 308 1092 397 1132; x_wconf 78' lang='grc' dir='ltr'><em>τῶν</em></span> <span class='ocrx_word' id='word_1_115' title='bbox 429 1089 493 1132; x_wconf 79' lang='grc' dir='ltr'><em>ἕν’</em></span> <span class='ocrx_word' id='word_1_116' title='bbox 527 1090 762 1151; x_wconf 82' lang='grc' dir='ltr'><em>ἀειραμένη</em></span> <span class='ocrx_word' id='word_1_117' title='bbox 787 1093 935 1154; x_wconf 85' lang='grc' dir='ltr'><em>Ἑλένη</em></span> <span class='ocrx_word' id='word_1_118' title='bbox 966 1098 1094 1153; x_wconf 87' lang='grc' dir='ltr'><em>φέρε,</em></span> <span class='ocrx_word' id='word_1_119' title='bbox 1128 1100 1200 1142; x_wconf 87' lang='grc' dir='ltr'><em>δῖα</em></span> <span class='ocrx_word' id='word_1_120' title='bbox 1227 1103 1464 1155; x_wconf 74' lang='grc' dir='ltr'><em>γυναικῶν,</em></span> 
     </span>
     <span class='ocr_line' id='line_1_21' title="bbox 310 1144 1405 1210; baseline 0.011 -22"><span class='ocrx_word' id='word_1_121' title='bbox 310 1144 358 1196; x_wconf 82' lang='grc' dir='ltr'><em>ὃς</em></span> <span class='ocrx_word' id='word_1_122' title='bbox 388 1145 617 1200; x_wconf 81' lang='grc' dir='ltr'><em>κάλλιστος</em></span> <span class='ocrx_word' id='word_1_123' title='bbox 647 1152 722 1206; x_wconf 75' lang='grc' dir='ltr'><em>ἔην</em></span> <span class='ocrx_word' id='word_1_124' title='bbox 750 1155 1054 1208; x_wconf 82' lang='grc' dir='ltr'><em>ποικίλμασιν,</em></span> <span class='ocrx_word' id='word_1_125' title='bbox 1087 1153 1163 1209; x_wconf 79' lang='grc' dir='ltr'><em>η’δὲ</em></span> <span class='ocrx_word' id='word_1_126' title='bbox 1193 1155 1405 1210; x_wconf 86' lang='grc' dir='ltr'><em>μέγιστος,</em></span> 
     </span>
     <span class='ocr_line' id='line_1_22' title="bbox 308 1200 1539 1264; baseline 0.009 -19"><span class='ocrx_word' id='word_1_127' title='bbox 308 1200 442 1258; x_wconf 79' lang='grc' dir='ltr'><em>ἀστὴρ</em></span> <span class='ocrx_word' id='word_1_128' title='bbox 475 1203 515 1248; x_wconf 84' lang='grc' dir='ltr'><em>δ’</em></span> <span class='ocrx_word' id='word_1_129' title='bbox 548 1204 608 1257; x_wconf 71' lang='grc' dir='ltr'><em>ὥς</em></span> <span class='ocrx_word' id='word_1_130' title='bbox 636 1205 908 1264; x_wconf 76' lang='grc' dir='ltr'><em>ἀπέλαμπεν·</em></span> <span class='ocrx_word' id='word_1_131' title='bbox 939 1209 1075 1253; x_wconf 77' lang='grc' dir='ltr'><em>ἔκειτο</em></span> <span class='ocrx_word' id='word_1_132' title='bbox 1106 1210 1152 1254; x_wconf 82' lang='grc' dir='ltr'><em>δὲ</em></span> <span class='ocrx_word' id='word_1_133' title='bbox 1181 1213 1352 1263; x_wconf 84' lang='grc' dir='ltr'><em>νείατος</em></span> <span class='ocrx_word' id='word_1_134' title='bbox 1381 1211 1539 1256; x_wconf 81' lang='grc' dir='ltr'><em>ἄλλων.</em></span> 
     </span>
     <span class='ocr_line' id='line_1_23' title="bbox 307 1257 1481 1320; baseline 0.009 -19"><span class='ocrx_word' id='word_1_135' title='bbox 307 1257 392 1314; x_wconf 75' lang='grc' dir='ltr'><em>βὰν</em></span> <span class='ocrx_word' id='word_1_136' title='bbox 423 1258 467 1303; x_wconf 86' lang='grc' dir='ltr'><em>δ’</em></span> <span class='ocrx_word' id='word_1_137' title='bbox 498 1261 611 1306; x_wconf 84' lang='grc' dir='ltr'><em>ἰέναι</em></span> <span class='ocrx_word' id='word_1_138' title='bbox 639 1265 836 1320; x_wconf 83' lang='grc' dir='ltr'><em>προτέρω</em></span> <span class='ocrx_word' id='word_1_139' title='bbox 869 1265 941 1309; x_wconf 73' lang='grc' dir='ltr'><em>διὰ</em></span> <span class='ocrx_word' id='word_1_140' title='bbox 971 1266 1191 1320; x_wconf 71' lang='grc' dir='ltr'><em>δώματος,</em></span> <span class='ocrx_word' id='word_1_141' title='bbox 1223 1268 1304 1320; x_wconf 78' lang='grc' dir='ltr'><em>ἕως</em></span> <span class='ocrx_word' id='word_1_142' title='bbox 1333 1270 1481 1312; x_wconf 83' lang='grc' dir='ltr'><em>ἵκοντο</em></span> 
     </span>
    </p>

    <p class='ocr_par' dir='ltr' id='par_1_13' title="bbox 197 1317 1471 1380">
     <span class='ocr_line' id='line_1_24' title="bbox 197 1317 1471 1380; baseline 0.009 -21"><span class='ocrx_word' id='word_1_143' title='bbox 197 1319 276 1360; x_wconf 88' lang='grc'><em>110</em></span> <span class='ocrx_word' id='word_1_144' title='bbox 313 1317 585 1375; x_wconf 84' lang='grc' dir='ltr'><em>Τηλέμαχον·</em></span> <span class='ocrx_word' id='word_1_145' title='bbox 615 1320 695 1366; x_wconf 87' lang='grc' dir='ltr'><em>τὸν</em></span> <span class='ocrx_word' id='word_1_146' title='bbox 726 1321 772 1366; x_wconf 81' lang='grc' dir='ltr'><em>δὲ</em></span> <span class='ocrx_word' id='word_1_147' title='bbox 800 1323 1002 1380; x_wconf 84' lang='grc' dir='ltr'><em>προσέφη</em></span> <span class='ocrx_word' id='word_1_148' title='bbox 1031 1324 1193 1377; x_wconf 78' lang='grc' dir='ltr'><em>ξανθὸς</em></span> <span class='ocrx_word' id='word_1_149' title='bbox 1223 1325 1471 1377; x_wconf 82' lang='grc' dir='ltr'><em>Μενέλαος·</em></span> 
     </span>
    </p>
   </div>
   <div class='ocr_carea' id='block_1_11' title="bbox 799 1426 1098 1463">
    <p class='ocr_par' dir='ltr' id='par_1_14' title="bbox 799 1426 1098 1463">
     <span class='ocr_line' id='line_1_25' title="bbox 799 1426 1098 1463; baseline 0.007 -3"><span class='ocrx_word' id='word_1_150' title='bbox 799 1426 950 1461; x_wconf 83' lang='lat' dir='ltr'>Menelai</span> <span class='ocrx_word' id='word_1_151' title='bbox 975 1427 1098 1463; x_wconf 69' lang='lat' dir='ltr'><strong>oratio.</strong></span> 
     </span>
    </p>
   </div>
   <div class='ocr_carea' id='block_1_12' title="bbox 322 1543 344 1557">
    <p class='ocr_par' dir='ltr' id='par_1_15' title="bbox 322 1543 344 1557">
     <span class='ocr_line' id='line_1_26' title="bbox 322 1543 344 1557; baseline 0 0"><span class='ocrx_word' id='word_1_152' title='bbox 322 1543 344 1557; x_wconf 72' lang='grc' dir='ltr'><em>Π</em></span> 
     </span>
    </p>
   </div>
   <div class='ocr_carea' id='block_1_13' title="bbox 308 1487 1696 1609">
    <p class='ocr_par' dir='ltr' id='par_1_16' title="bbox 308 1487 1696 1609">
     <span class='ocr_line' id='line_1_27' title="bbox 317 1487 1696 1554; baseline 0.006 -21"><span class='ocrx_word' id='word_1_153' title='bbox 317 1534 322 1539; x_wconf 74' lang='grc'><em>,</em></span> <span class='ocrx_word' id='word_1_154' title='bbox 382 1522 410 1543; x_wconf 91' lang='grc'><em>,,</em></span> <span class='ocrx_word' id='word_1_155' title='bbox 429 1491 666 1549; x_wconf 84' lang='grc' dir='ltr'><em>Τηλέμαχ’,</em></span> <span class='ocrx_word' id='word_1_156' title='bbox 695 1487 792 1550; x_wconf 80' lang='grc' dir='ltr'><em>ἦτοι</em></span> <span class='ocrx_word' id='word_1_157' title='bbox 820 1494 1007 1547; x_wconf 90' lang='grc' dir='ltr'><em>νόστον,</em></span> <span class='ocrx_word' id='word_1_158' title='bbox 1040 1495 1162 1548; x_wconf 83' lang='grc' dir='ltr'><em>ὅπως</em></span> <span class='ocrx_word' id='word_1_159' title='bbox 1192 1497 1320 1553; x_wconf 86' lang='grc' dir='ltr'><em>φρεσὶ</em></span> <span class='ocrx_word' id='word_1_160' title='bbox 1348 1499 1449 1553; x_wconf 84' lang='grc' dir='ltr'><em>σῇσι</em></span> <span class='ocrx_word' id='word_1_161' title='bbox 1477 1499 1696 1554; x_wconf 77' lang='grc' dir='ltr'><em>μενοινᾷς,</em></span> 
     </span>
     <span class='ocr_line' id='line_1_28' title="bbox 308 1549 1519 1609; baseline 0.004 -20"><span class='ocrx_word' id='word_1_162' title='bbox 308 1561 368 1596; x_wconf 91' lang='grc' dir='ltr'><em>ως</em></span> <span class='ocrx_word' id='word_1_163' title='bbox 395 1563 465 1591; x_wconf 90' lang='grc' dir='ltr'><em>τοι</em></span> <span class='ocrx_word' id='word_1_164' title='bbox 494 1549 606 1601; x_wconf 76' lang='grc' dir='ltr'><em>Ζεύς</em></span> <span class='ocrx_word' id='word_1_165' title='bbox 634 1551 862 1604; x_wconf 86' lang='grc' dir='ltr'><em>τελέσειεν,</em></span> <span class='ocrx_word' id='word_1_166' title='bbox 893 1551 1156 1608; x_wconf 78' lang='grc' dir='ltr'><em>ἐρίγδουπος</em></span> <span class='ocrx_word' id='word_1_167' title='bbox 1185 1554 1313 1605; x_wconf 88' lang='grc' dir='ltr'><em>πόσις</em></span> <span class='ocrx_word' id='word_1_168' title='bbox 1329 1553 1519 1609; x_wconf 62' lang='lat' dir='ltr'><em>“Emis-‘⁶</em></span> 
     </span>
    </p>
   </div>
   <div class='ocr_carea' id='block_1_14' title="bbox 306 1601 1458 1668">
    <p class='ocr_par' dir='ltr' id='par_1_17' title="bbox 306 1601 1458 1668">
     <span class='ocr_line' id='line_1_29' title="bbox 306 1601 1458 1668; baseline 0.007 -22"><span class='ocrx_word' id='word_1_169' title='bbox 306 1601 489 1661; x_wconf 71' lang='grc' dir='ltr'><em>[δώρων</em></span> <span class='ocrx_word' id='word_1_170' title='bbox 519 1607 589 1659; x_wconf 88' lang='grc' dir='ltr'><em>δ’,</em></span> <span class='ocrx_word' id='word_1_171' title='bbox 618 1604 714 1652; x_wconf 82' lang='grc' dir='ltr'><em>ὅσσ’</em></span> <span class='ocrx_word' id='word_1_172' title='bbox 747 1607 796 1652; x_wconf 78' lang='grc' dir='ltr'><em>ἐν</em></span> <span class='ocrx_word' id='word_1_173' title='bbox 824 1608 914 1668; x_wconf 78' lang='grc' dir='ltr'><em>ἐμῷ</em></span> <span class='ocrx_word' id='word_1_174' title='bbox 945 1610 1052 1667; x_wconf 79' lang='grc' dir='ltr'><em>οἴκῳ</em></span> <span class='ocrx_word' id='word_1_175' title='bbox 1081 1609 1282 1668; x_wconf 85' lang='grc' dir='ltr'><em>κειμήλια</em></span> <span class='ocrx_word' id='word_1_176' title='bbox 1310 1614 1458 1663; x_wconf 84' lang='grc' dir='ltr'><em>κεῖται,</em></span> 
     </span>
    </p>
   </div>
   <div class='ocr_carea' id='block_1_15' title="bbox 69 1723 939 1779">
    <p class='ocr_par' dir='ltr' id='par_1_18' title="bbox 69 1723 939 1779">
     <span class='ocr_line' id='line_1_30' title="bbox 69 1723 939 1779; baseline 0.015 -21"><span class='ocrx_word' id='word_1_177' title='bbox 69 1746 74 1751; x_wconf 88' lang='grc'>-</span> <span class='ocrx_word' id='word_1_178' title='bbox 131 1723 299 1779; x_wconf 70' lang='grc' dir='ltr'><em>διδάσκει</em></span> <span class='ocrx_word' id='word_1_179' title='bbox 330 1730 381 1775; x_wconf 81' lang='grc' dir='ltr'><em>μή</em></span> <span class='ocrx_word' id='word_1_180' title='bbox 415 1732 500 1777; x_wconf 79' lang='grc' dir='ltr'><em>δίχα</em></span> <span class='ocrx_word' id='word_1_181' title='bbox 523 1733 700 1778; x_wconf 74' lang='grc' dir='ltr'><em>γυναικός</em></span> <span class='ocrx_word' id='word_1_182' title='bbox 721 1732 880 1771; x_wconf 81' lang='grc' dir='ltr'><em>κελεύειν</em></span> <span class='ocrx_word' id='word_1_183' title='bbox 903 1749 939 1771; x_wconf 89' lang='grc' dir='ltr'><em>τι</em></span> 
     </span>
    </p>
   </div>
   <div class='ocr_carea' id='block_1_16' title="bbox 129 1772 942 3028">
    <p class='ocr_par' dir='ltr' id='par_1_19' title="bbox 129 1772 942 2377">
     <span class='ocr_line' id='line_1_31' title="bbox 129 1772 938 1826; baseline 0.015 -20"><span class='ocrx_word' id='word_1_184' title='bbox 129 1772 227 1808; x_wconf 82' lang='grc' dir='ltr'><em>κατά</em></span> <span class='ocrx_word' id='word_1_185' title='bbox 251 1779 366 1811; x_wconf 81' lang='grc' dir='ltr'><em>οἰκον.</em></span> <span class='ocrx_word' id='word_1_186' title='bbox 415 1778 504 1813; x_wconf 83' lang='lat' dir='ltr'><strong>idem</strong></span> <span class='ocrx_word' id='word_1_187' title='bbox 529 1785 564 1814; x_wconf 84' lang='lat' dir='ltr'><em>et</em></span> <span class='ocrx_word' id='word_1_188' title='bbox 587 1781 707 1815; x_wconf 65' lang='lat' dir='ltr'><strong>Harl:</strong></span> <span class='ocrx_word' id='word_1_189' title='bbox 744 1779 938 1826; x_wconf 78' lang='grc' dir='ltr'><em>ἀγχίμο-</em></span> 
     </span>
     <span class='ocr_line' id='line_1_32' title="bbox 130 1819 938 1873; baseline 0.014 -20"><span class='ocrx_word' id='word_1_190' title='bbox 130 1821 224 1856; x_wconf 79' lang='grc' dir='ltr'><em>λον.</em></span> <span class='ocrx_word' id='word_1_191' title='bbox 259 1819 328 1857; x_wconf 80' lang='grc' dir='ltr'><em>οὐκ</em></span> <span class='ocrx_word' id='word_1_192' title='bbox 353 1821 559 1870; x_wconf 83' lang='grc' dir='ltr'><em>ἀναγκαῖον</em></span> <span class='ocrx_word' id='word_1_193' title='bbox 583 1824 755 1862; x_wconf 78' lang='grc' dir='ltr'><em>ἀθετεῖν·</em></span> <span class='ocrx_word' id='word_1_194' title='bbox 791 1827 836 1863; x_wconf 81' lang='grc' dir='ltr'><em>οὐ</em></span> <span class='ocrx_word' id='word_1_195' title='bbox 869 1827 938 1873; x_wconf 77' lang='grc' dir='ltr'><em>γαρ</em></span> 
     </span>
     <span class='ocr_line' id='line_1_33' title="bbox 132 1866 939 1919; baseline 0.012 -19"><span class='ocrx_word' id='word_1_196' title='bbox 132 1866 264 1902; x_wconf 81' lang='grc' dir='ltr'><em>δοῦλοι</em></span> <span class='ocrx_word' id='word_1_197' title='bbox 298 1870 402 1914; x_wconf 84' lang='lat' dir='ltr'><strong>(male</strong></span> <span class='ocrx_word' id='word_1_198' title='bbox 434 1872 556 1906; x_wconf 87' lang='lat' dir='ltr'><strong>codd.:</strong></span> <span class='ocrx_word' id='word_1_199' title='bbox 597 1874 720 1919; x_wconf 90' lang='grc' dir='ltr'><em>δῆλοι)</em></span> <span class='ocrx_word' id='word_1_200' title='bbox 754 1873 792 1909; x_wconf 78' lang='grc' dir='ltr'><em>οὶ</em></span> <span class='ocrx_word' id='word_1_201' title='bbox 823 1873 939 1918; x_wconf 78' lang='grc' dir='ltr'><em>θερά-</em></span> 
     </span>
     <span class='ocr_line' id='line_1_34' title="bbox 130 1915 939 1965; baseline 0.015 -19"><span class='ocrx_word' id='word_1_202' title='bbox 130 1924 278 1956; x_wconf 85' lang='grc' dir='ltr'><em>ποντες,</em></span> <span class='ocrx_word' id='word_1_203' title='bbox 304 1915 368 1959; x_wconf 90' lang='grc' dir='ltr'><em>(δ’,</em></span> <span class='ocrx_word' id='word_1_204' title='bbox 390 1918 468 1952; x_wconf 64' lang='lat'><em>22:</em></span> <span class='ocrx_word' id='word_1_205' title='bbox 492 1917 763 1961; x_wconf 74' lang='grc' dir='ltr'><em>Ἐτεωνεύς,</em></span> <span class='ocrx_word' id='word_1_206' title='bbox 785 1917 939 1965; x_wconf 84' lang='grc' dir='ltr'><em>Ὀτρη-</em></span> 
     </span>
     <span class='ocr_line' id='line_1_35' title="bbox 131 1957 939 2006; baseline 0.01 -12"><span class='ocrx_word' id='word_1_207' title='bbox 131 1957 214 2004; x_wconf 79' lang='grc' dir='ltr'><em>ρὸς</em></span> <span class='ocrx_word' id='word_1_208' title='bbox 237 1959 461 2006; x_wconf 80' lang='grc' dir='ltr'><em>θεράπων</em></span> <span class='ocrx_word' id='word_1_209' title='bbox 484 1965 728 2002; x_wconf 81' lang='grc' dir='ltr'><em>Μενελάου</em></span> <span class='ocrx_word' id='word_1_210' title='bbox 751 1967 939 2002; x_wconf 87' lang='grc' dir='ltr'><em>κυδαλί-</em></span> 
     </span>
     <span class='ocr_line' id='line_1_36' title="bbox 130 2009 942 2059; baseline 0.01 -19"><span class='ocrx_word' id='word_1_211' title='bbox 130 2017 256 2051; x_wconf 86' lang='grc' dir='ltr'><em>μοιο.</em></span> <span class='ocrx_word' id='word_1_212' title='bbox 296 2020 329 2042; x_wconf 86' lang='lat' dir='ltr'><em>v.</em></span> <span class='ocrx_word' id='word_1_213' title='bbox 363 2009 412 2044; x_wconf 82' lang='lat' dir='ltr'><em>ibi</em></span> <span class='ocrx_word' id='word_1_214' title='bbox 435 2012 532 2056; x_wconf 78' lang='lat' dir='ltr'><strong>ann)</strong></span> <span class='ocrx_word' id='word_1_215' title='bbox 581 2010 673 2048; x_wconf 76' lang='grc' dir='ltr'><em>ὥστε</em></span> <span class='ocrx_word' id='word_1_216' title='bbox 705 2012 745 2049; x_wconf 76' lang='grc' dir='ltr'><em>ἐν</em></span> <span class='ocrx_word' id='word_1_217' title='bbox 768 2014 813 2059; x_wconf 89' lang='grc' dir='ltr'><em>τῇ</em></span> <span class='ocrx_word' id='word_1_218' title='bbox 844 2012 942 2059; x_wconf 77' lang='grc' dir='ltr'><em>αὐτῇ</em></span> 
     </span>
     <span class='ocr_line' id='line_1_37' title="bbox 133 2053 940 2102; baseline 0.009 -15"><span class='ocrx_word' id='word_1_219' title='bbox 133 2053 235 2100; x_wconf 80' lang='grc' dir='ltr'><em>οἰκία</em></span> <span class='ocrx_word' id='word_1_220' title='bbox 261 2055 386 2090; x_wconf 84' lang='grc' dir='ltr'><em>οἰκεῖν.</em></span> <span class='ocrx_word' id='word_1_221' title='bbox 408 2075 452 2081; x_wconf 87' lang='grc'><strong>-</strong></span> <span class='ocrx_word' id='word_1_222' title='bbox 495 2060 652 2102; x_wconf 75' lang='grc' dir='ltr'><em>κρεῶν.</em></span> <span class='ocrx_word' id='word_1_223' title='bbox 686 2060 721 2094; x_wconf 90' lang='lat' dir='ltr'><em>h.</em></span> <span class='ocrx_word' id='word_1_224' title='bbox 746 2071 776 2093; x_wconf 91' lang='lat' dir='ltr'><em>e.</em></span> <span class='ocrx_word' id='word_1_225' title='bbox 801 2058 840 2094; x_wconf 80' lang='grc' dir='ltr'><em>ἐκ</em></span> <span class='ocrx_word' id='word_1_226' title='bbox 863 2061 940 2094; x_wconf 76' lang='grc' dir='ltr'><em>τῶν</em></span> 
     </span>
     <span class='ocr_line' id='line_1_38' title="bbox 131 2101 939 2146; baseline 0.009 -12"><span class='ocrx_word' id='word_1_227' title='bbox 131 2112 210 2143; x_wconf 85' lang='grc' dir='ltr'><em>κρ.,</em></span> <span class='ocrx_word' id='word_1_228' title='bbox 240 2101 330 2146; x_wconf 82' lang='grc' dir='ltr'><em>κρέα</em></span> <span class='ocrx_word' id='word_1_229' title='bbox 353 2101 450 2137; x_wconf 88' lang='grc' dir='ltr'><em>τινά.</em></span> <span class='ocrx_word' id='word_1_230' title='bbox 497 2106 570 2142; x_wconf 81' lang='lat' dir='ltr'><em>Am.</em></span> <span class='ocrx_word' id='word_1_231' title='bbox 594 2106 636 2140; x_wconf 90' lang='lat' dir='ltr'><em>B.</em></span> <span class='ocrx_word' id='word_1_232' title='bbox 670 2112 706 2140; x_wconf 86' lang='lat' dir='ltr'><em>et</em></span> <span class='ocrx_word' id='word_1_233' title='bbox 729 2105 834 2140; x_wconf 85' lang='lat' dir='ltr'><strong>Sch.=</strong></span> <span class='ocrx_word' id='word_1_234' title='bbox 868 2105 939 2141; x_wconf 79' lang='grc' dir='ltr'><em>ὀπ-</em></span> 
     </span>
     <span class='ocr_line' id='line_1_39' title="bbox 131 2147 936 2195; baseline 0.009 -15"><span class='ocrx_word' id='word_1_235' title='bbox 131 2158 179 2181; x_wconf 87' lang='grc' dir='ltr'><em>τε</em></span> <span class='ocrx_word' id='word_1_236' title='bbox 201 2159 264 2190; x_wconf 87' lang='grc' dir='ltr'><em>κρ.</em></span> <span class='ocrx_word' id='word_1_237' title='bbox 296 2147 371 2183; x_wconf 73' lang='grc' dir='ltr'><em>τῶν</em></span> <span class='ocrx_word' id='word_1_238' title='bbox 395 2147 732 2195; x_wconf 82' lang='grc' dir='ltr'><em>ἀπολελειμμένων,</em></span> <span class='ocrx_word' id='word_1_239' title='bbox 766 2150 818 2186; x_wconf 74' lang='grc' dir='ltr'><em>ἔτι</em></span> <span class='ocrx_word' id='word_1_240' title='bbox 843 2149 936 2187; x_wconf 80' lang='grc' dir='ltr'><em>ἀπα-</em></span> 
     </span>
     <span class='ocr_line' id='line_1_40' title="bbox 130 2193 938 2243; baseline 0.01 -17"><span class='ocrx_word' id='word_1_241' title='bbox 130 2193 398 2237; x_wconf 83' lang='grc' dir='ltr'><em>ρασκευάστων.</em></span> <span class='ocrx_word' id='word_1_242' title='bbox 444 2196 517 2230; x_wconf 85' lang='lat' dir='ltr'><em>Am.</em></span> <span class='ocrx_word' id='word_1_243' title='bbox 539 2198 605 2238; x_wconf 79' lang='lat' dir='ltr'><em>Q.=</em></span> <span class='ocrx_word' id='word_1_244' title='bbox 628 2196 766 2242; x_wconf 86' lang='grc' dir='ltr'><em>Ἀττικὴ</em></span> <span class='ocrx_word' id='word_1_245' title='bbox 792 2197 814 2243; x_wconf 88' lang='grc' dir='ltr'>ἡ</span> <span class='ocrx_word' id='word_1_246' title='bbox 841 2197 938 2243; x_wconf 87' lang='grc' dir='ltr'><em>φρά-</em></span> 
     </span>
     <span class='ocr_line' id='line_1_41' title="bbox 131 2240 936 2288; baseline 0.01 -16"><span class='ocrx_word' id='word_1_247' title='bbox 131 2249 197 2279; x_wconf 78' lang='grc' dir='ltr'><em>σις.</em></span> <span class='ocrx_word' id='word_1_248' title='bbox 241 2251 275 2274; x_wconf 82' lang='lat' dir='ltr'><em>v.</em></span> <span class='ocrx_word' id='word_1_249' title='bbox 310 2240 427 2286; x_wconf 85' lang='lat' dir='ltr'><strong>Viget.</strong></span> <span class='ocrx_word' id='word_1_250' title='bbox 471 2254 506 2287; x_wconf 88' lang='lat' dir='ltr'><em>p.</em></span> <span class='ocrx_word' id='word_1_251' title='bbox 537 2245 594 2279; x_wconf 79' lang='lat'><em>52.</em></span> <span class='ocrx_word' id='word_1_252' title='bbox 625 2263 668 2270; x_wconf 87' lang='lat'><em>-—-</em></span> <span class='ocrx_word' id='word_1_253' title='bbox 712 2242 936 2288; x_wconf 85' lang='grc' dir='ltr'><em>θάλαμον</em></span> 
     </span>
     <span class='ocr_line' id='line_1_42' title="bbox 130 2281 937 2336; baseline 0.009 -17"><span class='ocrx_word' id='word_1_254' title='bbox 130 2281 353 2330; x_wconf 71' lang='grc' dir='ltr'><em>κηώεντα.</em></span> <span class='ocrx_word' id='word_1_255' title='bbox 386 2288 425 2321; x_wconf 94' lang='grc' dir='ltr'><em>ΙΙ.</em></span> <span class='ocrx_word' id='word_1_256' title='bbox 449 2288 493 2333; x_wconf 86' lang='grc' dir='ltr'><em>γ’,</em></span> <span class='ocrx_word' id='word_1_257' title='bbox 513 2290 592 2325; x_wconf 76' lang='grc'>382.</span> <span class='ocrx_word' id='word_1_258' title='bbox 612 2310 658 2315; x_wconf 89' lang='grc'><strong>-</strong></span> <span class='ocrx_word' id='word_1_259' title='bbox 693 2290 937 2336; x_wconf 83' lang='grc' dir='ltr'><em>Μεγαπέν-</em></span> 
     </span>
     <span class='ocr_line' id='line_1_43' title="bbox 129 2333 726 2377; baseline 0.012 -11"><span class='ocrx_word' id='word_1_260' title='bbox 129 2333 236 2376; x_wconf 72' lang='grc' dir='ltr'><em>θης.</em></span> <span class='ocrx_word' id='word_1_261' title='bbox 272 2334 359 2374; x_wconf 88' lang='lat'>103,</span> <span class='ocrx_word' id='word_1_262' title='bbox 387 2335 472 2376; x_wconf 71' lang='lat'><em>122,</em></span> <span class='ocrx_word' id='word_1_263' title='bbox 497 2334 541 2377; x_wconf 77' lang='grc' dir='ltr'><em>δ’,</em></span> <span class='ocrx_word' id='word_1_264' title='bbox 568 2339 726 2373; x_wconf 82' lang='lat'>10—12.</span> 
     </span>
    </p>

    <p class='ocr_par' dir='ltr' id='par_1_20' title="bbox 129 2379 937 2751">
     <span class='ocr_line' id='line_1_44' title="bbox 180 2379 937 2423; baseline 0.004 -9"><span class='ocrx_word' id='word_1_265' title='bbox 180 2380 256 2414; x_wconf 91' lang='grc'>101.</span> <span class='ocrx_word' id='word_1_266' title='bbox 303 2379 412 2413; x_wconf 76' lang='lat' dir='ltr'><strong>malim</strong></span> <span class='ocrx_word' id='word_1_267' title='bbox 436 2384 569 2423; x_wconf 78' lang='grc' dir='ltr'><em>κεῖντο,</em></span> <span class='ocrx_word' id='word_1_268' title='bbox 594 2382 692 2416; x_wconf 87' lang='lat' dir='ltr'><strong>modo</strong></span> <span class='ocrx_word' id='word_1_269' title='bbox 716 2382 853 2417; x_wconf 76' lang='lat' dir='ltr'><strong>dicendi</strong></span> <span class='ocrx_word' id='word_1_270' title='bbox 877 2395 937 2417; x_wconf 85' lang='lat' dir='ltr'><em>an-</em></span> 
     </span>
     <span class='ocr_line' id='line_1_45' title="bbox 129 2423 937 2472; baseline 0.01 -16"><span class='ocrx_word' id='word_1_271' title='bbox 129 2423 225 2469; x_wconf 79' lang='lat' dir='ltr'><strong>tiquo</strong></span> <span class='ocrx_word' id='word_1_272' title='bbox 250 2428 286 2458; x_wconf 82' lang='lat' dir='ltr'><em>et</em></span> <span class='ocrx_word' id='word_1_273' title='bbox 308 2425 503 2471; x_wconf 81' lang='lat' dir='ltr'><strong>Homerico,</strong></span> <span class='ocrx_word' id='word_1_274' title='bbox 528 2439 623 2472; x_wconf 88' lang='lat' dir='ltr'><strong>quem</strong></span> <span class='ocrx_word' id='word_1_275' title='bbox 648 2428 863 2464; x_wconf 85' lang='lat' dir='ltr'><strong>adulterasse</strong></span> <span class='ocrx_word' id='word_1_276' title='bbox 883 2431 937 2463; x_wconf 85' lang='lat' dir='ltr'><em>vi-</em></span> 
     </span>
     <span class='ocr_line' id='line_1_46' title="bbox 129 2469 937 2518; baseline 0.011 -16"><span class='ocrx_word' id='word_1_277' title='bbox 129 2469 253 2504; x_wconf 77' lang='lat' dir='ltr'><strong>dentur</strong></span> <span class='ocrx_word' id='word_1_278' title='bbox 285 2471 488 2515; x_wconf 67' lang='lat' dir='ltr'><strong>Atticistaeg</strong></span> <span class='ocrx_word' id='word_1_279' title='bbox 527 2475 804 2518; x_wconf 82' lang='lat' dir='ltr'><strong>quemadmodum</strong></span> <span class='ocrx_word' id='word_1_280' title='bbox 828 2476 867 2510; x_wconf 87' lang='lat'><em>11.</em></span> <span class='ocrx_word' id='word_1_281' title='bbox 895 2474 937 2518; x_wconf 79' lang='grc' dir='ltr'><em>ζ’,</em></span> 
     </span>
     <span class='ocr_line' id='line_1_47' title="bbox 129 2514 937 2562; baseline 0.011 -14"><span class='ocrx_word' id='word_1_282' title='bbox 129 2514 185 2549; x_wconf 84' lang='grc'><em>47.</em></span> <span class='ocrx_word' id='word_1_283' title='bbox 220 2516 353 2560; x_wconf 83' lang='lat' dir='ltr'><strong>vulgati</strong></span> <span class='ocrx_word' id='word_1_284' title='bbox 387 2518 521 2562; x_wconf 74' lang='lat' dir='ltr'><strong>quidem</strong></span> <span class='ocrx_word' id='word_1_285' title='bbox 552 2520 632 2554; x_wconf 80' lang='lat' dir='ltr'><strong>libri</strong></span> <span class='ocrx_word' id='word_1_286' title='bbox 665 2521 792 2556; x_wconf 87' lang='lat' dir='ltr'><strong>habent</strong></span> <span class='ocrx_word' id='word_1_287' title='bbox 821 2520 937 2557; x_wconf 71' lang='grc' dir='ltr'><em>πολλοὶ</em></span> 
     </span>
     <span class='ocr_line' id='line_1_48' title="bbox 130 2559 934 2611; baseline 0.01 -16"><span class='ocrx_word' id='word_1_288' title='bbox 130 2559 171 2596; x_wconf 79' lang='grc' dir='ltr'><em>δ’</em></span> <span class='ocrx_word' id='word_1_289' title='bbox 194 2559 235 2596; x_wconf 79' lang='grc' dir='ltr'><em>ἐν</em></span> <span class='ocrx_word' id='word_1_290' title='bbox 258 2559 420 2606; x_wconf 69' lang='grc' dir='ltr'><em>ἀφνειοῦ</em></span> <span class='ocrx_word' id='word_1_291' title='bbox 448 2564 589 2608; x_wconf 77' lang='grc' dir='ltr'><em>πατρός</em></span> <span class='ocrx_word' id='word_1_292' title='bbox 613 2566 780 2611; x_wconf 86' lang='grc' dir='ltr'><em>κειμήλια</em></span> <span class='ocrx_word' id='word_1_293' title='bbox 804 2571 934 2610; x_wconf 80' lang='grc' dir='ltr'><em>κεῖται,</em></span> 
     </span>
     <span class='ocr_line' id='line_1_49' title="bbox 129 2607 934 2658; baseline 0.01 -18"><span class='ocrx_word' id='word_1_294' title='bbox 129 2607 189 2641; x_wconf 79' lang='lat' dir='ltr'><em>sed</em></span> <span class='ocrx_word' id='word_1_295' title='bbox 216 2609 358 2644; x_wconf 86' lang='lat' dir='ltr'><strong>Barocc.</strong></span> <span class='ocrx_word' id='word_1_296' title='bbox 383 2616 418 2644; x_wconf 82' lang='lat' dir='ltr'><em>et</em></span> <span class='ocrx_word' id='word_1_297' title='bbox 436 2611 582 2646; x_wconf 86' lang='lat' dir='ltr'><strong>Vindob.</strong></span> <span class='ocrx_word' id='word_1_298' title='bbox 607 2616 758 2655; x_wconf 83' lang='grc' dir='ltr'><em>κεῖνται,</em></span> <span class='ocrx_word' id='word_1_299' title='bbox 784 2614 874 2658; x_wconf 91' lang='lat' dir='ltr'><strong>quod</strong></span> <span class='ocrx_word' id='word_1_300' title='bbox 899 2620 934 2648; x_wconf 87' lang='lat' dir='ltr'><em>et</em></span> 
     </span>
     <span class='ocr_line' id='line_1_50' title="bbox 129 2653 753 2751; baseline 0.012 -19"><span class='ocrx_word' id='word_1_301' title='bbox 129 2653 238 2744; x_wconf 45' lang='grc' dir='ltr'><em>τε</em></span> <span class='ocrx_word' id='word_1_302' title='bbox 260 2656 488 2738; x_wconf 53' lang='lat'><em>333231‘052</em></span> <span class='ocrx_word' id='word_1_303' title='bbox 511 2660 753 2751; x_wconf 66' lang='grc' dir='ltr'><em>ε,</em></span> 
     </span>
    </p>

    <p class='ocr_par' dir='ltr' id='par_1_21' title="bbox 129 2716 935 2841">
     <span class='ocr_line' id='line_1_51' title="bbox 162 2716 910 2742; baseline 0.011 -10"><span class='ocrx_word' id='word_1_304' title='bbox 162 2725 170 2732; x_wconf 93' lang='grc'><strong>.</strong></span> <span class='ocrx_word' id='word_1_305' title='bbox 228 2726 238 2742; x_wconf 86' lang='grc'><em>,</em></span> <span class='ocrx_word' id='word_1_306' title='bbox 333 2727 341 2735; x_wconf 95' lang='grc'><strong>.</strong></span> <span class='ocrx_word' id='word_1_307' title='bbox 405 2716 426 2737; x_wconf 89' lang='grc' dir='ltr'>υ</span> <span class='ocrx_word' id='word_1_308' title='bbox 529 2717 549 2738; x_wconf 91' lang='grc' dir='ltr'><em>κ</em></span> <span class='ocrx_word' id='word_1_309' title='bbox 572 2718 650 2740; x_wconf 85' lang='grc' dir='ltr'><em>ιντο</em></span> <span class='ocrx_word' id='word_1_310' title='bbox 761 2719 791 2739; x_wconf 89' lang='grc' dir='ltr'><em>τ.</em></span> <span class='ocrx_word' id='word_1_311' title='bbox 876 2720 910 2741; x_wconf 88' lang='grc' dir='ltr'><em>ιτ</em></span> 
     </span>
     <span class='ocr_line' id='line_1_52' title="bbox 129 2716 935 2789; baseline 0.01 -11"><span class='ocrx_word' id='word_1_312' title='bbox 129 2745 258 2789; x_wconf 81' lang='lat' dir='ltr'><strong>legitur</strong></span> <span class='ocrx_word' id='word_1_313' title='bbox 290 2747 326 2781; x_wconf 83' lang='lat' dir='ltr'><em>in</em></span> <span class='ocrx_word' id='word_1_314' title='bbox 350 2716 516 2785; x_wconf 62' lang='lat' dir='ltr'><strong>Cantzabr.</strong></span> <span class='ocrx_word' id='word_1_315' title='bbox 542 2755 577 2785; x_wconf 79' lang='lat' dir='ltr'><em>et</em></span> <span class='ocrx_word' id='word_1_316' title='bbox 601 2763 668 2786; x_wconf 91' lang='lat' dir='ltr'><em>uno</em></span> <span class='ocrx_word' id='word_1_317' title='bbox 693 2750 935 2786; x_wconf 82' lang='lat' dir='ltr'><strong>Vindobonen-</strong></span> 
     </span>
     <span class='ocr_line' id='line_1_53' title="bbox 130 2790 934 2841; baseline 0.01 -17"><span class='ocrx_word' id='word_1_318' title='bbox 130 2790 214 2826; x_wconf 80' lang='lat' dir='ltr'><em>sium</em></span> <span class='ocrx_word' id='word_1_319' title='bbox 231 2792 400 2828; x_wconf 77' lang='lat' dir='ltr'><strong>librorum.</strong></span> <span class='ocrx_word' id='word_1_320' title='bbox 434 2806 467 2830; x_wconf 84' lang='lat' dir='ltr'><em>v.</em></span> <span class='ocrx_word' id='word_1_321' title='bbox 484 2794 533 2839; x_wconf 86' lang='grc' dir='ltr'><em>μ’,</em></span> <span class='ocrx_word' id='word_1_322' title='bbox 550 2798 631 2838; x_wconf 74' lang='lat'><strong>204,</strong></span> <span class='ocrx_word' id='word_1_323' title='bbox 655 2797 694 2831; x_wconf 86' lang='grc' dir='ltr'><em>ΙΙ.</em></span> <span class='ocrx_word' id='word_1_324' title='bbox 711 2795 760 2841; x_wconf 88' lang='grc' dir='ltr'><em>μ’,</em></span> <span class='ocrx_word' id='word_1_325' title='bbox 782 2799 847 2832; x_wconf 87' lang='grc'>159</span> <span class='ocrx_word' id='word_1_326' title='bbox 865 2804 934 2833; x_wconf 76' lang='lat' dir='ltr'><strong>etc.</strong></span> 
     </span>
    </p>

    <p class='ocr_par' dir='ltr' id='par_1_22' title="bbox 132 2839 933 3028">
     <span class='ocr_line' id='line_1_54' title="bbox 178 2839 932 2888; baseline 0.008 -15"><span class='ocrx_word' id='word_1_327' title='bbox 178 2839 299 2874; x_wconf 70' lang='grc'>102·-</span> <span class='ocrx_word' id='word_1_328' title='bbox 317 2843 393 2877; x_wconf 90' lang='grc'>106.</span> <span class='ocrx_word' id='word_1_329' title='bbox 448 2841 594 2884; x_wconf 76' lang='grc' dir='ltr'><em>δέπας</em></span> <span class='ocrx_word' id='word_1_330' title='bbox 637 2840 932 2888; x_wconf 66' lang='grc' dir='ltr'><em>ἀμφικύπελ-</em></span> 
     </span>
     <span class='ocr_line' id='line_1_55' title="bbox 132 2881 933 2934; baseline 0.009 -17"><span class='ocrx_word' id='word_1_331' title='bbox 132 2886 222 2919; x_wconf 90' lang='grc' dir='ltr'><em>λον.</em></span> <span class='ocrx_word' id='word_1_332' title='bbox 256 2881 299 2929; x_wconf 81' lang='grc' dir='ltr'><em>γ’,</em></span> <span class='ocrx_word' id='word_1_333' title='bbox 322 2888 377 2922; x_wconf 87' lang='grc'><em>63.</em></span> <span class='ocrx_word' id='word_1_334' title='bbox 398 2906 443 2912; x_wconf 82' lang='lat'><strong>—</strong></span> <span class='ocrx_word' id='word_1_335' title='bbox 481 2893 840 2934; x_wconf 83' lang='grc' dir='ltr'><em>φωριαμοῖσιν,</em></span> <span class='ocrx_word' id='word_1_336' title='bbox 874 2903 933 2924; x_wconf 81' lang='lat' dir='ltr'><em>m·-</em></span> 
     </span>
     <span class='ocr_line' id='line_1_56' title="bbox 132 2929 933 2981; baseline 0.011 -20"><span class='ocrx_word' id='word_1_337' title='bbox 132 2929 192 2962; x_wconf 71' lang='lat' dir='ltr'><em>cie.</em></span> <span class='ocrx_word' id='word_1_338' title='bbox 226 2930 264 2964; x_wconf 84' lang='lat'><em>11.</em></span> <span class='ocrx_word' id='word_1_339' title='bbox 287 2929 339 2975; x_wconf 78' lang='grc' dir='ltr'><em>ω’,</em></span> <span class='ocrx_word' id='word_1_340' title='bbox 361 2932 439 2968; x_wconf 71' lang='lat'><strong>228.</strong></span> <span class='ocrx_word' id='word_1_341' title='bbox 475 2946 496 2968; x_wconf 88' lang='lat' dir='ltr'><strong>a</strong></span> <span class='ocrx_word' id='word_1_342' title='bbox 520 2935 661 2980; x_wconf 79' lang='grc' dir='ltr'><em>φωρέω,</em></span> <span class='ocrx_word' id='word_1_343' title='bbox 685 2934 799 2980; x_wconf 85' lang='grc' dir='ltr'><em>φέρω,</em></span> <span class='ocrx_word' id='word_1_344' title='bbox 821 2941 933 2981; x_wconf 78' lang='lat' dir='ltr'><strong>gesto,</strong></span> 
     </span>
     <span class='ocr_line' id='line_1_57' title="bbox 133 2977 933 3028; baseline 0.009 -19"><span class='ocrx_word' id='word_1_345' title='bbox 133 2985 155 3009; x_wconf 86' lang='lat' dir='ltr'><strong>a</strong></span> <span class='ocrx_word' id='word_1_346' title='bbox 179 2985 245 3020; x_wconf 89' lang='lat' dir='ltr'><em>quo</em></span> <span class='ocrx_word' id='word_1_347' title='bbox 269 2977 370 3014; x_wconf 79' lang='lat' dir='ltr'><strong>etiam</strong></span> <span class='ocrx_word' id='word_1_348' title='bbox 388 2981 509 3026; x_wconf 78' lang='grc' dir='ltr'><em>φῶρες</em></span> <span class='ocrx_word' id='word_1_349' title='bbox 531 2981 695 3028; x_wconf 78' lang='lat' dir='ltr'><strong>appellati</strong></span> <span class='ocrx_word' id='word_1_350' title='bbox 720 2986 820 3023; x_wconf 82' lang='lat' dir='ltr'><strong>sunt,</strong></span> <span class='ocrx_word' id='word_1_351' title='bbox 846 2993 933 3027; x_wconf 73' lang='lat' dir='ltr'><strong>quos</strong></span> 
     </span>
    </p>
   </div>
   <div class='ocr_carea' id='block_1_17' title="bbox 978 1734 1793 3021">
    <p class='ocr_par' dir='ltr' id='par_1_23' title="bbox 980 1734 1793 2611">
     <span class='ocr_line' id='line_1_58' title="bbox 984 1734 1791 1783; baseline -0.004 -12"><span class='ocrx_word' id='word_1_352' title='bbox 984 1737 1101 1783; x_wconf 80' lang='lat' dir='ltr'><strong>inepte</strong></span> <span class='ocrx_word' id='word_1_353' title='bbox 1125 1736 1312 1771; x_wconf 83' lang='lat' dir='ltr'><strong>admiscent</strong></span> <span class='ocrx_word' id='word_1_354' title='bbox 1331 1734 1576 1776; x_wconf 75' lang='lat' dir='ltr'><strong>Grammatici3</strong></span> <span class='ocrx_word' id='word_1_355' title='bbox 1601 1735 1696 1772; x_wconf 77' lang='lat' dir='ltr'><strong>velut</strong></span> <span class='ocrx_word' id='word_1_356' title='bbox 1718 1736 1791 1769; x_wconf 82' lang='lat' dir='ltr'><em>Am.</em></span> 
     </span>
     <span class='ocr_line' id='line_1_59' title="bbox 986 1778 1793 1827; baseline -0.001 -11"><span class='ocrx_word' id='word_1_357' title='bbox 986 1784 1031 1824; x_wconf 83' lang='lat' dir='ltr'><em>Q.</em></span> <span class='ocrx_word' id='word_1_358' title='bbox 1057 1788 1092 1816; x_wconf 80' lang='lat' dir='ltr'><em>et</em></span> <span class='ocrx_word' id='word_1_359' title='bbox 1116 1783 1176 1817; x_wconf 87' lang='lat' dir='ltr'><em>B.:</em></span> <span class='ocrx_word' id='word_1_360' title='bbox 1215 1796 1326 1827; x_wconf 87' lang='grc' dir='ltr'><em>φωρ.</em></span> <span class='ocrx_word' id='word_1_361' title='bbox 1361 1781 1433 1817; x_wconf 79' lang='grc' dir='ltr'><em>ἀπὸ</em></span> <span class='ocrx_word' id='word_1_362' title='bbox 1457 1783 1528 1817; x_wconf 83' lang='grc' dir='ltr'><em>τοῦ</em></span> <span class='ocrx_word' id='word_1_363' title='bbox 1551 1778 1639 1821; x_wconf 74' lang='grc' dir='ltr'><em>τοὺς</em></span> <span class='ocrx_word' id='word_1_364' title='bbox 1662 1781 1793 1825; x_wconf 74' lang='grc' dir='ltr'><em>φῶρας</em></span> 
     </span>
     <span class='ocr_line' id='line_1_60' title="bbox 986 1827 1792 1885; baseline -0.002 -22"><span class='ocrx_word' id='word_1_365' title='bbox 986 1827 1153 1872; x_wconf 82' lang='grc' dir='ltr'><em>ἀμύνειν.</em></span> <span class='ocrx_word' id='word_1_366' title='bbox 1201 1831 1266 1874; x_wconf 81' lang='lat' dir='ltr'><em>Ap.</em></span> <span class='ocrx_word' id='word_1_367' title='bbox 1291 1828 1447 1862; x_wconf 71' lang='lat' dir='ltr'><strong>emend-t</strong></span> <span class='ocrx_word' id='word_1_368' title='bbox 1483 1831 1703 1872; x_wconf 84' lang='grc' dir='ltr'><em>φωριαμοῖς.</em></span> <span class='ocrx_word' id='word_1_369' title='bbox 1736 1841 1792 1885; x_wconf 52' lang='lat' dir='ltr'><em>ut:</em></span> 
     </span>
     <span class='ocr_line' id='line_1_61' title="bbox 985 1871 1790 1922; baseline -0.001 -13"><span class='ocrx_word' id='word_1_370' title='bbox 985 1877 1128 1922; x_wconf 85' lang='grc' dir='ltr'><em>βωτοῖς.</em></span> <span class='ocrx_word' id='word_1_371' title='bbox 1176 1871 1195 1910; x_wconf 85' lang='grc' dir='ltr'>ὁ</span> <span class='ocrx_word' id='word_1_372' title='bbox 1228 1873 1294 1919; x_wconf 75' lang='grc' dir='ltr'><em>μὲν</em></span> <span class='ocrx_word' id='word_1_373' title='bbox 1312 1874 1443 1909; x_wconf 82' lang='grc' dir='ltr'><em>Ἀπίων</em></span> <span class='ocrx_word' id='word_1_374' title='bbox 1474 1874 1691 1918; x_wconf 81' lang='grc' dir='ltr'><em>ἐτνμολογεῖ</em></span> <span class='ocrx_word' id='word_1_375' title='bbox 1715 1872 1790 1908; x_wconf 82' lang='grc' dir='ltr'><em>ἀπο</em></span> 
     </span>
     <span class='ocr_line' id='line_1_62' title="bbox 985 1919 1792 1966; baseline 0 -10"><span class='ocrx_word' id='word_1_376' title='bbox 985 1922 1055 1957; x_wconf 82' lang='grc' dir='ltr'><em>τοῦ</em></span> <span class='ocrx_word' id='word_1_377' title='bbox 1072 1920 1167 1957; x_wconf 85' lang='grc' dir='ltr'><em>εἶναι</em></span> <span class='ocrx_word' id='word_1_378' title='bbox 1184 1920 1222 1956; x_wconf 79' lang='grc' dir='ltr'><em>ἐν</em></span> <span class='ocrx_word' id='word_1_379' title='bbox 1239 1920 1369 1961; x_wconf 76' lang='grc' dir='ltr'><em>αὐτοῖς</em></span> <span class='ocrx_word' id='word_1_380' title='bbox 1386 1919 1434 1956; x_wconf 73' lang='grc' dir='ltr'><em>τά</em></span> <span class='ocrx_word' id='word_1_381' title='bbox 1449 1919 1662 1966; x_wconf 83' lang='grc' dir='ltr'><em>φορήματα.</em></span> <span class='ocrx_word' id='word_1_382' title='bbox 1697 1919 1792 1956; x_wconf 78' lang='grc' dir='ltr'><em>ἔνιοι</em></span> 
     </span>
     <span class='ocr_line' id='line_1_63' title="bbox 987 1965 1790 2025; baseline 0 -22"><span class='ocrx_word' id='word_1_383' title='bbox 987 1969 1028 2003; x_wconf 80' lang='grc' dir='ltr'><em>δὲ</em></span> <span class='ocrx_word' id='word_1_384' title='bbox 1047 1967 1114 2010; x_wconf 70' lang='grc' dir='ltr'><em>τὰς</em></span> <span class='ocrx_word' id='word_1_385' title='bbox 1137 1967 1230 2011; x_wconf 81' lang='grc' dir='ltr'><em>πρὸς</em></span> <span class='ocrx_word' id='word_1_386' title='bbox 1243 1967 1311 2012; x_wconf 76' lang='grc' dir='ltr'><em>τήν</em></span> <span class='ocrx_word' id='word_1_387' title='bbox 1329 1965 1403 2003; x_wconf 77' lang='grc' dir='ltr'><em>ἀπὸ</em></span> <span class='ocrx_word' id='word_1_388' title='bbox 1423 1970 1498 2002; x_wconf 78' lang='grc' dir='ltr'><em>τῶν</em></span> <span class='ocrx_word' id='word_1_389' title='bbox 1513 1969 1662 2012; x_wconf 80' lang='grc' dir='ltr'><em>φωρῶν,</em></span> <span class='ocrx_word' id='word_1_390' title='bbox 1682 1979 1790 2025; x_wconf 54' lang='grc' dir='ltr'><em>τουτ’-</em></span> 
     </span>
     <span class='ocr_line' id='line_1_64' title="bbox 986 2013 1791 2059; baseline -0.001 -10"><span class='ocrx_word' id='word_1_391' title='bbox 986 2014 1063 2050; x_wconf 86' lang='grc' dir='ltr'><em>έστι</em></span> <span class='ocrx_word' id='word_1_392' title='bbox 1086 2016 1270 2055; x_wconf 73' lang='grc' dir='ltr'><em>κλεπτῶν,</em></span> <span class='ocrx_word' id='word_1_393' title='bbox 1307 2013 1476 2059; x_wconf 79' lang='grc' dir='ltr'><em>φυλακήν</em></span> <span class='ocrx_word' id='word_1_394' title='bbox 1507 2025 1791 2057; x_wconf 84' lang='grc' dir='ltr'><em>κατεσκευασμε-</em></span> 
     </span>
     <span class='ocr_line' id='line_1_65' title="bbox 985 2060 1789 2114; baseline -0.005 -18"><span class='ocrx_word' id='word_1_395' title='bbox 985 2073 1063 2101; x_wconf 87' lang='grc' dir='ltr'><em>νας.</em></span> <span class='ocrx_word' id='word_1_396' title='bbox 1110 2072 1173 2094; x_wconf 88' lang='lat' dir='ltr'><em>nec</em></span> <span class='ocrx_word' id='word_1_397' title='bbox 1197 2063 1318 2105; x_wconf 78' lang='grc' dir='ltr'><em>φᾶρος</em></span> <span class='ocrx_word' id='word_1_398' title='bbox 1341 2061 1406 2094; x_wconf 84' lang='lat' dir='ltr'><em>huc</em></span> <span class='ocrx_word' id='word_1_399' title='bbox 1431 2061 1590 2106; x_wconf 68' lang='lat' dir='ltr'><strong>pertinet.</strong></span> <span class='ocrx_word' id='word_1_400' title='bbox 1627 2060 1708 2095; x_wconf 82' lang='lat' dir='ltr'><strong>Sch.</strong></span> <span class='ocrx_word' id='word_1_401' title='bbox 1734 2065 1789 2114; x_wconf 68' lang='lat' dir='ltr'><em>ta-</em></span> 
     </span>
     <span class='ocr_line' id='line_1_66' title="bbox 984 2103 1789 2151; baseline -0.001 -10"><span class='ocrx_word' id='word_1_402' title='bbox 984 2119 1079 2141; x_wconf 83' lang='lat' dir='ltr'><strong>men:</strong></span> <span class='ocrx_word' id='word_1_403' title='bbox 1111 2120 1219 2151; x_wconf 86' lang='grc' dir='ltr'><em>φωρ.</em></span> <span class='ocrx_word' id='word_1_404' title='bbox 1254 2110 1333 2146; x_wconf 83' lang='grc' dir='ltr'><em>τοῖς</em></span> <span class='ocrx_word' id='word_1_405' title='bbox 1355 2107 1541 2151; x_wconf 81' lang='grc' dir='ltr'><em>κιβωτιόις</em></span> <span class='ocrx_word' id='word_1_406' title='bbox 1564 2103 1627 2139; x_wconf 79' lang='grc' dir='ltr'><em>διά</em></span> <span class='ocrx_word' id='word_1_407' title='bbox 1650 2105 1692 2140; x_wconf 81' lang='grc' dir='ltr'><em>τὸ</em></span> <span class='ocrx_word' id='word_1_408' title='bbox 1721 2119 1789 2140; x_wconf 88' lang='grc' dir='ltr'><em>αν-</em></span> 
     </span>
     <span class='ocr_line' id='line_1_67' title="bbox 983 2149 1788 2206; baseline -0.004 -18"><span class='ocrx_word' id='word_1_409' title='bbox 983 2151 1072 2189; x_wconf 80' lang='grc' dir='ltr'><em>τόθι</em></span> <span class='ocrx_word' id='word_1_410' title='bbox 1095 2152 1143 2187; x_wconf 81' lang='grc' dir='ltr'><em>τά</em></span> <span class='ocrx_word' id='word_1_411' title='bbox 1167 2152 1270 2197; x_wconf 80' lang='grc' dir='ltr'><em>φάρη</em></span> <span class='ocrx_word' id='word_1_412' title='bbox 1289 2152 1470 2196; x_wconf 81' lang='grc' dir='ltr'><em>ἀμᾶσθαι.</em></span> <span class='ocrx_word' id='word_1_413' title='bbox 1507 2149 1533 2186; x_wconf 69' lang='lat'><em>⁷7</em></span> <span class='ocrx_word' id='word_1_414' title='bbox 1557 2150 1621 2186; x_wconf 81' lang='grc' dir='ltr'><em>διά</em></span> <span class='ocrx_word' id='word_1_415' title='bbox 1640 2150 1681 2185; x_wconf 82' lang='grc' dir='ltr'><em>τὸ</em></span> <span class='ocrx_word' id='word_1_416' title='bbox 1700 2151 1788 2206; x_wconf 62' lang='grc' dir='ltr'><em>τοιξς</em></span> 
     </span>
     <span class='ocr_line' id='line_1_68' title="bbox 984 2199 1789 2255; baseline -0.002 -21"><span class='ocrx_word' id='word_1_417' title='bbox 984 2199 1114 2244; x_wconf 73' lang='grc' dir='ltr'><em>φῶρας</em></span> <span class='ocrx_word' id='word_1_418' title='bbox 1148 2199 1344 2244; x_wconf 80' lang='grc' dir='ltr'><em>ἀπείργειν.</em></span> <span class='ocrx_word' id='word_1_419' title='bbox 1406 2203 1441 2232; x_wconf 83' lang='lat' dir='ltr'><em>et</em></span> <span class='ocrx_word' id='word_1_420' title='bbox 1474 2199 1524 2232; x_wconf 81' lang='lat' dir='ltr'><em>E:</em></span> <span class='ocrx_word' id='word_1_421' title='bbox 1571 2210 1789 2255; x_wconf 63' lang='grc' dir='ltr'><em>φωριαμομς</em></span> 
     </span>
     <span class='ocr_line' id='line_1_69' title="bbox 982 2243 1787 2290; baseline -0.002 -9"><span class='ocrx_word' id='word_1_422' title='bbox 982 2246 1074 2290; x_wconf 77' lang='grc' dir='ltr'><em>λέγει</em></span> <span class='ocrx_word' id='word_1_423' title='bbox 1095 2243 1189 2289; x_wconf 81' lang='grc' dir='ltr'><em>““Ὀμ.</em></span> <span class='ocrx_word' id='word_1_424' title='bbox 1231 2244 1321 2286; x_wconf 77' lang='grc' dir='ltr'><em>τούς</em></span> <span class='ocrx_word' id='word_1_425' title='bbox 1355 2244 1611 2289; x_wconf 81' lang='grc' dir='ltr'><em>πεπλοδόχους</em></span> <span class='ocrx_word' id='word_1_426' title='bbox 1639 2247 1787 2288; x_wconf 78' lang='grc' dir='ltr'><em>χηλους,</em></span> 
     </span>
     <span class='ocr_line' id='line_1_70' title="bbox 981 2287 1784 2337; baseline -0.004 -9"><span class='ocrx_word' id='word_1_427' title='bbox 981 2289 1085 2335; x_wconf 73' lang='grc' dir='ltr'><em>παρά</em></span> <span class='ocrx_word' id='word_1_428' title='bbox 1108 2290 1150 2326; x_wconf 84' lang='grc' dir='ltr'><em>τὸ</em></span> <span class='ocrx_word' id='word_1_429' title='bbox 1177 2293 1316 2337; x_wconf 78' lang='grc' dir='ltr'><em>φᾶρος,</em></span> <span class='ocrx_word' id='word_1_430' title='bbox 1351 2287 1401 2332; x_wconf 70' lang='grc' dir='ltr'><em>ὥς</em></span> <span class='ocrx_word' id='word_1_431' title='bbox 1424 2302 1539 2336; x_wconf 85' lang='grc' dir='ltr'><em>φασιν</em></span> <span class='ocrx_word' id='word_1_432' title='bbox 1563 2291 1599 2326; x_wconf 74' lang='grc' dir='ltr'><em>οἳ</em></span> <span class='ocrx_word' id='word_1_433' title='bbox 1622 2292 1784 2325; x_wconf 78' lang='grc' dir='ltr'><em>παλαιοί.</em></span> 
     </span>
     <span class='ocr_line' id='line_1_71' title="bbox 981 2335 1782 2382; baseline -0.002 -10"><span class='ocrx_word' id='word_1_434' title='bbox 981 2358 1025 2363; x_wconf 88' lang='grc'>-</span> <span class='ocrx_word' id='word_1_435' title='bbox 1049 2335 1213 2374; x_wconf 82' lang='grc' dir='ltr'><em>πέπλοι</em></span> <span class='ocrx_word' id='word_1_436' title='bbox 1236 2338 1564 2382; x_wconf 83' lang='grc' dir='ltr'><em>παμποίκιλοι.</em></span> <span class='ocrx_word' id='word_1_437' title='bbox 1590 2337 1630 2370; x_wconf 90' lang='grc' dir='ltr'><em>ΙΙ.</em></span> <span class='ocrx_word' id='word_1_438' title='bbox 1648 2336 1688 2379; x_wconf 83' lang='grc' dir='ltr'><em>ζ’,</em></span> <span class='ocrx_word' id='word_1_439' title='bbox 1703 2338 1782 2372; x_wconf 81' lang='lat'>289.</span> 
     </span>
     <span class='ocr_line' id='line_1_72' title="bbox 982 2380 1784 2439; baseline -0.004 -21"><span class='ocrx_word' id='word_1_440' title='bbox 982 2385 1027 2418; x_wconf 85' lang='lat' dir='ltr'><em>cf.</em></span> <span class='ocrx_word' id='word_1_441' title='bbox 1052 2384 1090 2417; x_wconf 88' lang='lat'><em>11.</em></span> <span class='ocrx_word' id='word_1_442' title='bbox 1117 2382 1166 2425; x_wconf 88' lang='grc' dir='ltr'><em>ε’,</em></span> <span class='ocrx_word' id='word_1_443' title='bbox 1194 2385 1272 2419; x_wconf 86' lang='grc'>735.</span> <span class='ocrx_word' id='word_1_444' title='bbox 1301 2405 1346 2410; x_wconf 96' lang='grc'><strong>-</strong></span> <span class='ocrx_word' id='word_1_445' title='bbox 1388 2383 1440 2418; x_wconf 80' lang='lat' dir='ltr'><em>E:</em></span> <span class='ocrx_word' id='word_1_446' title='bbox 1472 2381 1614 2426; x_wconf 83' lang='grc' dir='ltr'><em>κάμεν</em></span> <span class='ocrx_word' id='word_1_447' title='bbox 1646 2382 1714 2439; x_wconf 53' lang='lat' dir='ltr'><strong>(Il.</strong></span> <span class='ocrx_word' id='word_1_448' title='bbox 1737 2380 1784 2427; x_wconf 82' lang='grc' dir='ltr'><em>β’,</em></span> 
     </span>
     <span class='ocr_line' id='line_1_73' title="bbox 982 2428 1784 2485; baseline -0.005 -20"><span class='ocrx_word' id='word_1_449' title='bbox 982 2432 1046 2466; x_wconf 87' lang='grc'><em>101</em></span> <span class='ocrx_word' id='word_1_450' title='bbox 1070 2430 1166 2471; x_wconf 69' lang='lat' dir='ltr'><em>etc.)⁸</em></span> <span class='ocrx_word' id='word_1_451' title='bbox 1201 2428 1283 2474; x_wconf 87' lang='grc' dir='ltr'><em>ἤτοι</em></span> <span class='ocrx_word' id='word_1_452' title='bbox 1305 2431 1476 2474; x_wconf 81' lang='grc' dir='ltr'><em>καμοῦσα</em></span> <span class='ocrx_word' id='word_1_453' title='bbox 1498 2428 1706 2485; x_wconf 50' lang='grc' dir='ltr'><em>ἔτευξεν,”η</em></span> <span class='ocrx_word' id='word_1_454' title='bbox 1724 2428 1784 2472; x_wconf 68' lang='lat'><em>(2)</em></span> 
     </span>
     <span class='ocr_line' id='line_1_74' title="bbox 980 2474 1783 2530; baseline -0.002 -19"><span class='ocrx_word' id='word_1_455' title='bbox 980 2475 1062 2519; x_wconf 79' lang='grc' dir='ltr'><em>περὶ</em></span> <span class='ocrx_word' id='word_1_456' title='bbox 1095 2474 1161 2516; x_wconf 81' lang='grc' dir='ltr'><em>οὓς</em></span> <span class='ocrx_word' id='word_1_457' title='bbox 1185 2475 1305 2521; x_wconf 75' lang='grc' dir='ltr'><em>ἔκαμε.</em></span> <span class='ocrx_word' id='word_1_458' title='bbox 1328 2497 1373 2502; x_wconf 85' lang='lat'><em>-—</em></span> <span class='ocrx_word' id='word_1_459' title='bbox 1418 2475 1551 2520; x_wconf 73' lang='grc' dir='ltr'><em>φέρε,</em></span> <span class='ocrx_word' id='word_1_460' title='bbox 1583 2486 1783 2530; x_wconf 65' lang='grc' dir='ltr'><em>προυφερε,</em></span> 
     </span>
     <span class='ocr_line' id='line_1_75' title="bbox 980 2520 1783 2567; baseline -0.004 -10"><span class='ocrx_word' id='word_1_461' title='bbox 980 2520 1194 2566; x_wconf 81' lang='grc' dir='ltr'><em>προσέφερε.</em></span> <span class='ocrx_word' id='word_1_462' title='bbox 1215 2543 1261 2548; x_wconf 93' lang='lat'><em>—-</em></span> <span class='ocrx_word' id='word_1_463' title='bbox 1292 2524 1373 2558; x_wconf 86' lang='grc' dir='ltr'><em>δῖα</em></span> <span class='ocrx_word' id='word_1_464' title='bbox 1395 2534 1643 2567; x_wconf 84' lang='grc' dir='ltr'><em>γνναικων.</em></span> <span class='ocrx_word' id='word_1_465' title='bbox 1681 2532 1711 2555; x_wconf 79' lang='lat' dir='ltr'><em>v.</em></span> <span class='ocrx_word' id='word_1_466' title='bbox 1735 2534 1783 2562; x_wconf 88' lang='grc' dir='ltr'><em>α,</em></span> 
     </span>
     <span class='ocr_line' id='line_1_76' title="bbox 981 2567 1405 2611; baseline -0.007 -6"><span class='ocrx_word' id='word_1_467' title='bbox 981 2569 1046 2609; x_wconf 83' lang='lat'><em>14,</em></span> <span class='ocrx_word' id='word_1_468' title='bbox 1070 2569 1159 2608; x_wconf 74' lang='lat'><strong>332,</strong></span> <span class='ocrx_word' id='word_1_469' title='bbox 1182 2567 1225 2611; x_wconf 80' lang='grc' dir='ltr'><em>ξ’,</em></span> <span class='ocrx_word' id='word_1_470' title='bbox 1249 2570 1318 2605; x_wconf 85' lang='grc'><em>363</em></span> <span class='ocrx_word' id='word_1_471' title='bbox 1340 2574 1405 2603; x_wconf 83' lang='lat' dir='ltr'><em>etc.</em></span> 
     </span>
    </p>

    <p class='ocr_par' dir='ltr' id='par_1_24' title="bbox 1028 2613 1536 2658">
     <span class='ocr_line' id='line_1_77' title="bbox 1028 2613 1536 2658; baseline -0.004 -9"><span class='ocrx_word' id='word_1_472' title='bbox 1028 2615 1114 2655; x_wconf 82' lang='lat'>107,</span> <span class='ocrx_word' id='word_1_473' title='bbox 1141 2617 1218 2650; x_wconf 85' lang='lat'>108.</span> <span class='ocrx_word' id='word_1_474' title='bbox 1265 2615 1304 2649; x_wconf 85' lang='lat'><em>11.</em></span> <span class='ocrx_word' id='word_1_475' title='bbox 1325 2614 1367 2658; x_wconf 76' lang='grc' dir='ltr'><em>ζ’,</em></span> <span class='ocrx_word' id='word_1_476' title='bbox 1391 2613 1479 2658; x_wconf 76' lang='lat'>294,</span> <span class='ocrx_word' id='word_1_477' title='bbox 1503 2614 1536 2649; x_wconf 85' lang='lat'><em>5.</em></span> 
     </span>
    </p>

    <p class='ocr_par' dir='ltr' id='par_1_25' title="bbox 980 2659 1784 2844">
     <span class='ocr_line' id='line_1_78' title="bbox 1029 2659 1779 2705; baseline -0.005 -11"><span class='ocrx_word' id='word_1_478' title='bbox 1029 2661 1147 2695; x_wconf 84' lang='grc'>109-</span> <span class='ocrx_word' id='word_1_479' title='bbox 1162 2663 1235 2696; x_wconf 87' lang='grc'>111.</span> <span class='ocrx_word' id='word_1_480' title='bbox 1263 2659 1320 2695; x_wconf 64' lang='lat' dir='ltr'><em>‘in</em></span> <span class='ocrx_word' id='word_1_481' title='bbox 1333 2675 1352 2696; x_wconf 92' lang='grc' dir='ltr'><em>ο</em></span> <span class='ocrx_word' id='word_1_482' title='bbox 1363 2674 1409 2695; x_wconf 85' lang='grc' dir='ltr'><em>ντ</em></span> <span class='ocrx_word' id='word_1_483' title='bbox 1420 2674 1440 2696; x_wconf 93' lang='grc' dir='ltr'><em>ο</em></span> <span class='ocrx_word' id='word_1_484' title='bbox 1462 2663 1603 2705; x_wconf 82' lang='lat' dir='ltr'><strong>propter</strong></span> <span class='ocrx_word' id='word_1_485' title='bbox 1618 2668 1779 2702; x_wconf 76' lang='lat' dir='ltr'><strong>augmen-</strong></span> 
     </span>
     <span class='ocr_line' id='line_1_79' title="bbox 981 2704 1781 2751; baseline -0.004 -11"><span class='ocrx_word' id='word_1_486' title='bbox 981 2709 1071 2745; x_wconf 79' lang='lat' dir='ltr'><em>tum,</em></span> <span class='ocrx_word' id='word_1_487' title='bbox 1094 2711 1132 2740; x_wconf 85' lang='lat' dir='ltr'><em>ut</em></span> <span class='ocrx_word' id='word_1_488' title='bbox 1155 2704 1199 2751; x_wconf 82' lang='grc' dir='ltr'><em>γ’,</em></span> <span class='ocrx_word' id='word_1_489' title='bbox 1223 2707 1311 2751; x_wconf 84' lang='grc'><em>488,</em></span> <span class='ocrx_word' id='word_1_490' title='bbox 1344 2706 1488 2741; x_wconf 81' lang='lat' dir='ltr'><em>inferius</em></span> <span class='ocrx_word' id='word_1_491' title='bbox 1513 2707 1598 2745; x_wconf 83' lang='lat'><strong>186.</strong></span> <span class='ocrx_word' id='word_1_492' title='bbox 1624 2705 1690 2739; x_wconf 82' lang='lat'><em>193</em></span> <span class='ocrx_word' id='word_1_493' title='bbox 1715 2707 1781 2737; x_wconf 84' lang='lat' dir='ltr'><strong>etc.</strong></span> 
     </span>
     <span class='ocr_line' id='line_1_80' title="bbox 980 2746 1782 2798; baseline -0.009 -10"><span class='ocrx_word' id='word_1_494' title='bbox 980 2771 1025 2777; x_wconf 88' lang='lat'>—</span> <span class='ocrx_word' id='word_1_495' title='bbox 1048 2753 1286 2798; x_wconf 75' lang='grc' dir='ltr'><em>μενοινᾷς.</em></span> <span class='ocrx_word' id='word_1_496' title='bbox 1321 2752 1368 2798; x_wconf 82' lang='grc' dir='ltr'><em>β’,</em></span> <span class='ocrx_word' id='word_1_497' title='bbox 1388 2754 1456 2788; x_wconf 77' lang='lat'><em>275</em></span> <span class='ocrx_word' id='word_1_498' title='bbox 1475 2757 1541 2785; x_wconf 86' lang='lat' dir='ltr'><strong>etc.</strong></span> <span class='ocrx_word' id='word_1_499' title='bbox 1589 2753 1628 2784; x_wconf 83' lang='lat' dir='ltr'><em>A.</em></span> <span class='ocrx_word' id='word_1_500' title='bbox 1648 2751 1704 2785; x_wconf 66' lang='lat'><em>22</em></span> <span class='ocrx_word' id='word_1_501' title='bbox 1727 2746 1782 2783; x_wconf 77' lang='grc' dir='ltr'><em>ἐνὶ</em></span> 
     </span>
     <span class='ocr_line' id='line_1_81' title="bbox 980 2796 1784 2844; baseline -0.007 -10"><span class='ocrx_word' id='word_1_502' title='bbox 980 2797 1109 2842; x_wconf 82' lang='grc' dir='ltr'><em>φρεσὶν</em></span> <span class='ocrx_word' id='word_1_503' title='bbox 1144 2796 1193 2840; x_wconf 78' lang='grc' dir='ltr'><em>ὡς</em></span> <span class='ocrx_word' id='word_1_504' title='bbox 1226 2799 1270 2835; x_wconf 78' lang='grc' dir='ltr'><em>σύ</em></span> <span class='ocrx_word' id='word_1_505' title='bbox 1308 2811 1408 2844; x_wconf 87' lang='grc' dir='ltr'><em>μεν.,</em></span> <span class='ocrx_word' id='word_1_506' title='bbox 1452 2808 1541 2843; x_wconf 80' lang='lat' dir='ltr'><strong>quae</strong></span> <span class='ocrx_word' id='word_1_507' title='bbox 1572 2801 1627 2830; x_wconf 79' lang='lat' dir='ltr'><em>est</em></span> <span class='ocrx_word' id='word_1_508' title='bbox 1662 2796 1784 2830; x_wconf 86' lang='grc' dir='ltr'><em>διττο-</em></span> 
     </span>
    </p>

    <p class='ocr_par' dir='ltr' id='par_1_26' title="bbox 978 2857 1782 3021">
     <span class='ocr_line' id='line_1_82' title="bbox 1026 2857 1133 2880; baseline 0.019 -2"><span class='ocrx_word' id='word_1_509' title='bbox 1026 2857 1049 2878; x_wconf 86' lang='grc' dir='ltr'><em>α</em></span> <span class='ocrx_word' id='word_1_510' title='bbox 1082 2857 1133 2880; x_wconf 87' lang='grc' dir='ltr'><em>ια.</em></span> 
     </span>
     <span class='ocr_line' id='line_1_83' title="bbox 978 2857 1781 2940; baseline -0.011 -14"><span class='ocrx_word' id='word_1_511' title='bbox 978 2857 1094 2926; x_wconf 55' lang='grc' dir='ltr'><strong>γρΙΤΒ</strong></span> <span class='ocrx_word' id='word_1_512' title='bbox 1110 2910 1145 2916; x_wconf 83' lang='lat'><em>—-</em></span> <span class='ocrx_word' id='word_1_513' title='bbox 1161 2892 1237 2927; x_wconf 89' lang='lat'><strong>119.</strong></span> <span class='ocrx_word' id='word_1_514' title='bbox 1284 2899 1405 2923; x_wconf 80' lang='lat' dir='ltr'><strong>versus</strong></span> <span class='ocrx_word' id='word_1_515' title='bbox 1437 2888 1553 2934; x_wconf 82' lang='lat' dir='ltr'><strong>inepte</strong></span> <span class='ocrx_word' id='word_1_516' title='bbox 1576 2884 1781 2940; x_wconf 44' lang='lat' dir='ltr'><em>repetiti-ex</em></span> 
     </span>
     <span class='ocr_line' id='line_1_84' title="bbox 982 2934 1782 2985; baseline -0.016 -9"><span class='ocrx_word' id='word_1_517' title='bbox 982 2934 1034 2975; x_wconf 68' lang='grc' dir='ltr'><em>δ’,</em></span> <span class='ocrx_word' id='word_1_518' title='bbox 1059 2938 1292 2977; x_wconf 81' lang='lat'>613—619.,</span> <span class='ocrx_word' id='word_1_519' title='bbox 1329 2946 1401 2969; x_wconf 88' lang='lat' dir='ltr'><em>cum</em></span> <span class='ocrx_word' id='word_1_520' title='bbox 1434 2934 1489 2967; x_wconf 77' lang='lat' dir='ltr'><em>hic</em></span> <span class='ocrx_word' id='word_1_521' title='bbox 1522 2944 1587 2966; x_wconf 90' lang='lat' dir='ltr'><em>non</em></span> <span class='ocrx_word' id='word_1_522' title='bbox 1617 2942 1782 2985; x_wconf 60' lang='lat' dir='ltr'><em>npnmoft</em></span> 
     </span>
     <span class='ocr_line' id='line_1_85' title="bbox 980 2976 1781 3021; baseline -0.006 -5"><span class='ocrx_word' id='word_1_523' title='bbox 980 2982 1160 3017; x_wconf 82' lang='lat' dir='ltr'><strong>Menelaus</strong></span> <span class='ocrx_word' id='word_1_524' title='bbox 1184 2981 1273 3017; x_wconf 85' lang='lat' dir='ltr'><strong>dono</strong></span> <span class='ocrx_word' id='word_1_525' title='bbox 1297 2982 1357 3017; x_wconf 77' lang='lat' dir='ltr'><em>det</em></span> <span class='ocrx_word' id='word_1_526' title='bbox 1379 2979 1607 3021; x_wconf 77' lang='lat' dir='ltr'><strong>Telemacho,</strong></span> <span class='ocrx_word' id='word_1_527' title='bbox 1640 2976 1700 3011; x_wconf 81' lang='lat' dir='ltr'><em>sed</em></span> <span class='ocrx_word' id='word_1_528' title='bbox 1724 2978 1781 3012; x_wconf 76' lang='grc' dir='ltr'><em>δε-</em></span> 
     </span>
    </p>
   </div>
  </div>
 </body>
</html>
