1856 3282
212 134 291 174 ΠΒ

820 129 1220 172 ΟΜΗΡΟΥ
1822 0 1828 165 ι

377 239 485 283 ἔνθα
511 253 586 282 κεν
615 241 649 294 ᾠ
675 238 766 305 πὰρ
792 242 972 294 σταθμῷ
1002 237 1213 282 ἀεικέλιον
1241 236 1381 281 πάθεν
1415 236 1562 292 ἄλγος·
1825 219 1830 339 ι

295 297 347 341 35
376 294 482 338 ἄλλα
511 283 704 365 συβώτης
733 299 822 338 ὠκα
851 296 953 338 ποσὶ
981 299 1231 349 κραιπνοῖσι
1260 294 1484 366 μετασπών

375 351 502 394 ε’σσυτ
555 367 639 394 ανα
665 352 918 405 πρόθυρον,
949 355 1107 402 σκῦτος
1137 351 1182 394 δέ
1214 352 1256 393 οἱ
1284 350 1429 394 ἔκπεσε
1456 350 1610 406 χειρός.

377 406 480 457 τούς
508 423 584 462 μεν
613 405 855 463 ὁμοκλήσας
884 412 1008 451 σεῦεν
1036 406 1172 458 κύνας
1201 406 1376 457 ἄλλυδις
1404 405 1511 462 α’λλῃ

376 466 592 535 πυκνῇσιν
620 464 893 507 λιθάδεσσιν·
924 463 947 508 ὁ
978 464 1024 508 δὲ
1052 464 1303 532 προσέειπεν
1333 463 1523 506 ἄνακτα·

453 515 537 571 ,,Ὦ
564 519 714 575 γέρον,
744 521 772 574 ἠ
800 519 951 575 ὀλίγον
981 531 1027 564 σε
1057 519 1185 571 κύνες
1217 518 1521 589 διεδηλήσαντο

291 578 345 621 40
373 574 595 646 ἐξαπίνης,
624 577 698 619 καί
726 576 801 619 κέν
831 592 905 630 μοι
934 576 1145 646 ἐλεγχείην
1177 575 1419 645 κατέχευας

373 631 446 675 καὶ
472 631 519 674 δέ
547 648 622 687 μοι
653 632 759 675 ἄλλα
785 633 883 676 θεοὶ
913 633 1049 676 δόσαν
1076 630 1206 687 άλγεά
1233 647 1298 680 τε,
1330 630 1552 701 στοναχάς
1566 645 1632 675 τε·

372 686 578 731 ἀντιθέου
605 688 687 743 γὰρ
716 688 902 739 ἄνακτος
932 689 1200 759 ὀδυρόμενος
1227 688 1303 731 καὶ
1331 685 1498 742 ἀχεύων

370 744 499 798 ἧμαι,
530 743 725 788 ἄλλοισιν
755 745 800 788 δὲ
830 745 937 797 σύας
966 746 1143 795 σιάλους
1173 743 1380 787 ἀτιτάλλω

371 799 567 868 ε’δμεναι·
597 800 735 854 αὐτὰρ
762 806 904 852 κεῖνος
938 800 1184 856 ἐελδόμενός
1211 816 1300 844 που
1331 800 1494 867 ἐδωδῆς

288 857 342 901 45
370 853 537 907 πλάζετ’
574 856 640 898 ἐπ’
669 855 947 928 ἀλλοθρόων
955 857 1146 927 α’νδρῶν
1161 857 1300 912 δῆμόν
1327 871 1392 909 τε,
1420 853 1549 898 πόλιν
1577 868 1633 907 τε,

369 912 409 954 εἴ
434 925 523 953 που
551 911 612 954 ἔτι
641 911 737 963 ζώει.
764 914 838 955 καὶ
855 913 948 986 ὁρςι
978 913 1092 969 φάος
1102 912 1295 983 ἠελίοιο.

370 963 467 1009 αλλ’
499 966 623 1019 ἕπεο,
654 968 866 1024 κλισίηνδ’
893 970 1038 1024 ἰὀμεν,
1066 969 1220 1024 γέρον,
1250 968 1369 1024 ὄφρα
1395 966 1469 1010 καὶ
1498 964 1646 1016 αὐτός,

371 1023 493 1066 σίτου
522 1023 594 1067 καὶ
623 1025 764 1068 οἴνοιο
796 1025 1115 1082 κορεσσάμενος
1143 1041 1252 1069 κατα
1281 1023 1445 1080 θυμόν,

200 1179 272 1202 rum
301 1180 430 1203 canum.
478 1170 641 1204 Wilmsen
667 1171 803 1205 Handb.
837 1172 898 1205 der
922 1172 1000 1206 Να-

199 1215 370 1260 turgesch.
395 1217 426 1249 1.
450 1226 483 1260 p
503 1218 591 1258 283,
616 1217 673 1250 ubi
696 1221 812 1251 narrat
835 1218 878 1251 de
903 1229 999 1259 cane,

199 1261 280 1304 qui,
313 1261 403 1294 forte
435 1261 576 1295 relictus
606 1274 626 1296 a
659 1269 847 1297 mercatore
870 1243 999 1298 furtiv6

197 1305 232 1339 in
263 1305 380 1340 littore
405 1307 796 1351 Northumberlandiae,
826 1310 915 1343 fame
939 1321 998 1343 ur-

197 1357 324 1396 gente,
361 1352 526 1387 infestare
559 1354 672 1398 erepit
704 1366 830 1399 greges
862 1356 996 1389 ovium.

196 1398 305 1439 „Man
323 1398 435 1432 hetzte
450 1398 574 1433 Hunde
596 1401 657 1433 auf
676 1400 754 1442 ihn3
781 1401 881 1434 allein
897 1412 996 1435 wenn

196 1422 291 1477 d’iese
323 1454 365 1477 an
398 1444 456 1478 ihn
492 1445 738 1487 herankamen,
772 1457 809 1480 so
842 1448 935 1491 legte
958 1459 996 1481 er

195 1488 268 1522 sich
284 1490 346 1523 auf
360 1489 426 1523 den
442 1491 592 1532 RGcken,
617 1492 668 1525 als
685 1493 727 1525 ob
744 1503 782 1525 er
799 1504 851 1526 um
871 1493 995 1527 Gnade

194 1534 296 1578 bate,
321 1535 422 1569 und'
413 1548 448 1569 ιιι
473 1537 585 1571 dieser
602 1538 697 1581 Lage
719 1539 905 1572 versuchte
925 1539 994 1573 ihm

193 1579 272 1614 kein
295 1580 400 1614 Hund
430 1586 537 1616 etwas
569 1594 611 1616 zu
634 1583 740 1617 Leide
773 1596 816 1617 zu
840 1585 955 1620 thun.‘
960 1586 993 1627 ί)

194 1624 252 1663 ὅτι
284 1624 325 1662 δὲ
359 1623 405 1662 06
443 1627 558 1672 μόνον
597 1630 667 1664 τοῦ
702 1630 771 1663 νῦν
807 1642 991 1674 πτωχικου

194 1671 455 1732 σκήπτρου,
480 1673 577 1717 ἤτοι,
604 1672 653 1715 ὥς
673 1671 791 1717 εἰκός,
815 1675 991 1720 ῥοπάλου,

193 1717 285 1754 ἀλλὰ
308 1720 368 1755 καὶ
392 1724 461 1755 τοῦ
486 1719 643 1778 [ἄλλως]
668 1720 789 1761 ἁπλαῖς
821 1722 926 1764 (falso
949 1723 993 1756 li—

192 1765 325 1799 brarius
340 1765 524 1810 scripserat
538 1764 654 1807 ἄλλως
669 1779 731 1813 pro
749 1764 887 1808 ἁπλῶς,
899 1780 993 1813 quae

193 1811 358 1846 vocabula
381 1811 575 1868 permisceri
597 1813 718 1854 solent,
742 1813 861 1857 itaque
884 1825 993 1859 appo-

192 1857 262 1891 suit
287 1854 430 1899 ἁπλως,
452 1855 569 1898 ἄλλως
590 1870 657 1893 non
682 1859 860 1903 expunxit,
885 1870 993 1904 quon-

143 1912 149 1920 ·
192 1903 256 1938 iam
282 1903 318 1936 id
342 1914 448 1947 genus
473 1904 640 1938 hominum
670 1905 745 1938 odit
776 1904 904 1938 lituras.
948 1906 991 1939 cf.

191 1962 269 1985 ann.
284 1949 328 1983 ad
347 1947 387 1991 K,
405 1949 478 1994 60.)
506 1948 700 1994 σκήπτρου,
722 1949 889 1994 διαφορα
901 1950 994 1994 πρὸς

191 1995 257 2032 τὸν
288 1997 452 2030 σκίπωνα
478 1994 714 2039 ἐνδοξότερον
745 1995 854 2037 ὄντα,
886 1998 995 2042 δηλοῖ

193 2040 213 2079 ὁ
237 2040 382 2086 γράψας
412 2039 531 2087 ῥήτωρ
556 2042 596 2078 td
631 2043 923 2087 προεδρίαν,
957 2056 989 2077 κ.

191 2087 471 2145 πορφύραν,
510 2088 588 2123 καὶ
627 2090 841 2123 σκίπωνα
882 2088 989 2124 ἀντὶ

192 2134 445 2178 σκήπτρου.
479 2133 560 2175 (ἱιιιο
581 2140 701 2169 contra
723 2134 875 2180 scipione
892 2146 989 2168 usum

192 2180 284 2214 illum
308 2179 392 2213 dicit
425 2185 540 2214 orator
571 2191 632 2224 pro
664 2188 801 2235 sceptro
827 2180 988 2213 honorifi-

193 2225 355 2259 centiore.
387 2236 420 2258 v.
450 2235 525 2259 ann.
551 2225 593 2259 ad
618 2225 657 2259 Il.
682 2224 716 2259 α’
730 2224 838 2269 ,14.)
876 2225 915 2261 τὸ
947 2224 989 2260 δὲ

193 2270 356 2306 ἔκπεσε
386 2270 541 2315 χειρὸς
577 2269 624 2305 ου’
655 2269 719 2306 διὰ
743 2272 881 2327 ,φόβον
898 2271 988 2315 φασὶ

191 2318 245 2397 ἶὲἷ
265 2312 650 2418 εῗξῖῗέἷεῖῗῖῗᾷἷὲἶὲ
672 2315 735 2398 2¹22
743 2313 906 2399 ,35πέῗὲ
914 2330 990 2404 ἵζ’.

192 2409 359 2452 (corium.-
392 2419 424 2443 ν.
451 2409 492 2442 Il.
522 2407 576 2452 η’,
600 2409 700 2453 221.)
732 2406 870 2453 ὁμοίως
901 2409 987 2453 ἐξέ-

192 2464 297 2489 πεσε
319 2455 401 2509 τῆς
398 2455 468 2488 τοῦ
483 2454 654 2498 Εὐμαίου
678 2467 778 2499 χειρ
793 2468 849 2495 ος
879 2454 988 2499 (αει-

192 2496 536 2543 κέλιονᾶλγος,
562 2502 914 2546 ιἠἀίςηυπιάοίοτειη,
936 2502 988 2535 la-

192 2545 302 2580 niatus
328 2556 348 2578 a
372 2546 520 2579 canibus.
541 2566 582 2570 —
606 2547 716 2582 ποσὶ
742 2551 986 2589 κραιπνοῖ

192 2602 254 2632 σι,
274 2591 415 2646 pedibus
433 2591 610 2627 velocibus.
644 2593 683 2626 Il.
703 2591 743 2636 K,
760 2593 840 2633 505,
864 2590 901 2635 ε’,
919 2594 986 2628 223

192 2636 278 2679 etc.)
321 2634 362 2671 τὸ
394 2634 435 2672 δὲ
473 2636 721 2680 μετασπὼν
755 2619 988 2682 (subsem’Jtus)

192 2679 385 2736 σύστοιχόν
409 2681 483 2718 ἐστι
508 2684 560 2728 τῷ
585 2683 815 2725 ἐπισπων,
838 2698 871 2718 κ.
893 2684 987 2720 ἐπι-

193 2725 502 2783 σπόμενος(γ’
504 2718 702 2786 ,215εῑο),
719 2743 752 2764 κ.
769 2729 985 2766 ἐπισπεῖν

193 2771 256 2816 (δ’,
270 2773 338 2807 562
355 2778 417 2807 etc.
421 2775 502 2817 ),κ.
523 2779 601 2817 τοῖς
619 2774 774 2818 ὁμοίοις.
795 2795 838 2800 -
862 2773 985 2820 (ὁμο-

192 2816 379 2861 κλήσας,
401 2820 592 2865 increpans.
626 2822 668 2856 11.
691 2820 742 2868 β’,
766 2823 830 2856 199
851 2827 917 2856 etc.
940 2839 985 2848 -

193 2865 349 2904 σεῦεν,
380 2865 506 2910 abegit.
541 2865 589 2909 K,
612 2869 655 2902 89
677 2867 762 2910 etc.)
797 2866 836 2901 αἱ
864 2866 904 2902 δε
928 2870 986 2901 λι-

193 2907 345 2949 θάδες
377 2908 515 2946 ἐοίκασι
534 2913 753 2969 μικρότεραι
784 2911 879 2948 εἶναι
911 2925 987 2947 των

196 2953 381 2996 λιθάκων,
412 2956 512 3003 εἴπερ
534 2956 616 2995 Ὀδ.
646 2958 686 2995 ἐν
709 2961 787 3000 τοῖς
808 2958 890 3003 ἑξῆς
914 2956 985 3002 (ψ’,

1048 1171 1147 1212 193.,
1171 1169 1230 1204 ubi
1254 1172 1294 1207 A.
1310 1172 1344 1206 2.
1362 1173 1398 1204 et
1415 1171 1449 1205 3.
1474 1169 1601 1204 habent
1622 1165 1755 1203 λιθάκε
1757 1176 1823 1201 σσι

1044 1214 1300 1251 λιθάκεσσι
1322 1215 1386 1252 τὸν
1409 1215 1546 1251 εαυτοῦ
1575 1217 1748 1259 φανεῖται
1771 1212 1829 1248 δεί

1043 1274 1115 1306 μας
1137 1276 1225 1298 ποτε
1248 1261 1434 1306 θάλαμον.
1480 1262 1547 1295 imo
1570 1263 1688 1294 contra
1711 1262 1774 1299 est,
1798 1258 1832 1291 si·

1044 1309 1179 1353 quidem
1204 1310 1314 1351 λίθαξ
1337 1309 1440 1342 habet
1461 1308 1602 1341 formam
1625 1303 1825 1340 deminutivi

1042 1365 1105 1388 nec
1129 1359 1241 1389 tamen
1265 1360 1450 1400 propterea
1472 1351 1664 1398 scripserim
1689 1352 1722 1384 h.
1746 1351 1768 1384 l.
1792 1353 1833 1385 λι·

1040 1398 1215 1442 θάκεσσι,
1249 1400 1310 1434 sed
1343 1400 1431 1434 dixit
1459 1401 1560 1434 Hom.
1583 1396 1769 1442 utrobique
1790 1399 1834 1432 λι·

1040 1445 1168 1488 θάδας
1191 1458 1253 1492 pro
1277 1448 1409 1486 λίθοις.

1086 1493 1233 1528 39-45.
1269 1493 1324 1526 E:
1345 1491 1388 1528 τὸ
1416 1489 1579 1548 ὀλίγον
1604 1500 1651 1525 σε
1672 1503 1706 1524 κ.
1727 1488 1832 1524 διεδ

1039 1536 1268 1578 ἐλλειπτικῶς
1290 1537 1433 1594 ἐγράφη
1465 1535 1548 1573 ἀντὶ
1569 1537 1641 1571 τοῦ
1663 1533 1726 1570 δι’
1746 1534 1835 1571 ὀλί-

1039 1598 1122 1629 γον
1156 1587 1346 1629 καιροῦ,
1380 1581 1468 1629 ὅπερ
1499 1583 1536 1620 οἱ
1565 1579 1660 1626 μεθ’
1674 1578 1836 1626 ’Όμηρω

1038 1631 1099 1666 καὶ
1118 1632 1297 1674 μικροῦ
1313 1631 1466 1674 λέγουσι,
1482 1641 1515 1664 κ.
1529 1629 1707 1683 μικροῦ
1728 1629 1832 1663 δεῖν

1037 1678 1073 1710 in
1090 1678 1194 1711 verbo
1211 1678 1233 1711 δ
1244 1688 1282 1712 ιε
1293 1677 1326 1710 δ.
1352 1675 1561 1721 praepositio
1581 1680 1634 1709 est
1652 1672 1837 1719 αυξητικὴ

1038 1728 1077 1756 nt
1107 1723 1142 1756 in
1176 1724 1413 1767 διαφθείρειν
1438 1727 1472 1757 et
1494 1721 1670 1754 similibus.
1713 1731 1746 1754 v.
1772 1722 1837 1753 Ae-

1036 1769 1143 1813 schyl.
1169 1769 1255 1803 Cho.
1274 1770 1331 1809 56,
1359 1769 1458 1803 Eum.
1476 1767 1546 1802 810
1566 1773 1631 1801 etc.
1655 1786 1696 1791 —
1721 1764 1838 1811 ἔλεγ-

1036 1818 1171 1859 χείην
1197 1813 1459 1869 κατέχευας,
1477 1813 1674 1847 labeculam
1696 1814 1838 1870 adsper-

1038 1861 1148 1894 sz'sses.
1181 1861 1221 1894 11.
1247 1858 1300 1903 ψ’,
1323 1861 1391 1895 408
1409 1867 1480 1894 etc
1504 1878 1546 1884 —
1580 1859 1656 1894 καὶ
1683 1857 1753 1901 δε,
1776 1858 1839 1894 καὶ

1040 1904 1099 1948 δή.
1131 1906 1170 1939 Il.
1196 1905 1237 1950 ξ’,
1254 1904 1334 1942 364.
1352 1927 1398 1934 -
1425 1904 1572 1962 ἄλγεά
1593 1918 1652 1947 τε,
1677 1917 1839 1941 στονα-

1036 1951 1119 1997 χοὶς
1143 1965 1199 1987 τε.
1236 1953 1274 1986 ΙΙ.
1292 1951 1338 1997 β,
1356 1953 1412 1986 39.
1431 1972 1475 1978 -
1500 1949 1632 1996 deve.
1650 1964 1683 1986 κ.
1707 1950 1839 1996 ἀχεύ-

1037 2012 1104 2034 ων.
1132 1998 1178 2043 β’,
1201 2000 1268 2040 23,
1293 1997 1339 2039 δ’,
1366 2002 1453 2041 100,
1475 1997 1518 2032 ΙΙ.
1544 1997 1589 2041 ι’,
1611 2000 1769 2034 612etc.
1792 2017 1838 2023 —

1036 2043 1292 2085 α’τιτάλλω,
1335 2046 1461 2078 nutrio.
1511 2043 1564 2085 λ’,
1597 2045 1665 2078 249
1696 2048 1762 2078 etc.
1791 2063 1837 2069 —

1036 2089 1241 2134 ἔδμεναι.
1266 2089 1302 2131 ι’,
1313 2089 1458 2124 476etc.
1473 2109 1518 2117 —
1543 2087 1837 2133 ἐελδόμενος,

1036 2137 1187 2190 cupiens,
1205 2147 1322 2181 egens.
1346 2132 1394 2177 α’,
1405 2135 1549 2170 4090tc.
1561 2157 1607 2163 ——
1629 2135 1834 2181 πλάζετ’,

1032 2180 1214 2224 πλάζεται.
1254 2182 1294 2215 ΙΙ.
1325 2179 1381 2222 α’,
1416 2182 1503 2222 117,
1536 2180 1587 2225 o',
1611 2181 1680 2217 245
1697 2188 1764 2216 etc.
1788 2197 1836 2208 -

1032 2226 1323 2281 ἀλλοθρόων.
1356 2225 1402 2267 α’,
1428 2228 1506 2262 183.
1524 2247 1570 2253 -
1604 2227 1751 2274 δῆμόν
1771 2240 1832 2272 τε,

1030 2273 1175 2309 πολιν
1196 2286 1253 2310 τε
1285 2272 1324 2316 ζ,
1349 2274 1455 2309 sete.

1077 2319 1134 2355 46.
1181 2319 1237 2361 δ’,
1261 2320 1341 2355 833.

1077 2366 1172 2401 47-
1184 2365 1241 2401 49.
1287 2364 1530 2409 κλισίηνδε
1553 2364 1652 2408 (406,
1672 2365 1760 2408 410,
1785 2365 1830 2410 o',

1032 2412 1118 2452 300,
1152 2411 1188 2447 π’
1199 2436 1208 2454 ,
1235 2413 1300 2448 159
1323 2411 1430 2453 etc.,)
1461 2411 1498 2444 ιἰι
1521 2421 1659 2452 casum,
1696 2412 1830 2457 quaiem

1034 2464 1188 2501 pastores
1210 2462 1315 2502 atque
1338 2463 1514 2501 agrestes,
1536 2456 1742 2502 militesque,
1769 2459 1831 2493 ha-

1031 2503 1142 2537 bitare
1170 2504 1298 2544 solent3
1319 2503 1514 2536 Germanus
1536 2503 1668 2537 nomine
1686 2505 1828 2549 proprio

1031 2548 1124 2582 dicat
1149 2549 1387 2591 ΒοΙιΙαῙείσΙίσ,
1410 2548 1564 2590 Ruhort,
1588 2549 1622 2582 h.
1648 2559 1680 2582 e.
1704 2550 1828 2593 locum,

1031 2593 1065 2627 in
1084 2605 1150 2639 quo
1169 2594 1327 2636 dormias,
1350 2593 1404 2627 vel
1420 2593 1628 2650 acquiescas.
1658 2595 1710 2630 E:
1732 2598 1827 2630 κλι-

1031 2640 1109 2674 σία
1132 2641 1194 2675 καὶ
1216 2642 1284 2675 νῦν
1307 2638 1452 2697 εὐτελῃς
1474 2640 1645 2698 οἴκησις,
1667 2637 1742 2676 ἐπεὶ
1764 2640 1827 2676 καὶ

1031 2685 1241 2741 σταθμὸς
1265 2686 1347 2730 (32)
1371 2696 1480 2743 αντη,
1506 2688 1569 2723 καὶ
1581 2685 1827 2742 adamant

1030 2729 1092 2774 (κ’,
1114 2731 1221 2776 435),
1242 2732 1304 2767 καὶ
1327 2726 1463 2772 αυλις
1480 2732 1544 2775 (Il.
1566 2730 1612 2775 ι’,
1634 2734 1738 2776 232),
1760 2732 1826 2769 καὶ

1031 2775 1229 2818 ἔπαυλις
1261 2778 1386 2821 (malim
1410 2777 1584 2821 ἔπαυλος,
1616 2788 1684 2823 qua
1714 2779 1825 2813 forma

1030 2822 1137 2856 utitur
1159 2824 1255 2858 Hom
1281 2823 1407 2880 odyss.
1437 2822 1499 2866 ψ’,
1521 2824 1639 2866 858),
1671 2821 1719 2858 ov
1745 2823 1824 2869 μὴν

1031 2866 1144 2912 οἶκος,
1167 2866 1192 2913 ἢ
1216 2869 1340 2912 δωμα,
1365 2866 1389 2910 ἢ
1412 2869 1581 2914 μέγαρον.
1624 2869 1739 2903 Alexis
1758 2881 1824 2915 pa-

1029 2919 1102 2948 stor
1125 2916 1214 2960 apud
1239 2915 1334 2960 Virg.
1360 2914 1434 2950 1301.
1457 2917 1501 2956 2,
1522 2916 1602 2950 28.
1635 2925 1656 2948 ο
1687 2919 1822 2949 tantvm

1030 2960 1134 2996 libeat
1167 2972 1296 2996 mecum
1329 2961 1394 2995 tibi
1425 2961 1564 2997 sordida
1595 2971 1681 2996 rura
1711 2962 1822 3006 Atque
