1846 3282
525 124 1112 166 ΟΔῬΣΣΕΙΑΣ
1166 126 1222 166 Κ.

210 235 270 285 εἰς
288 233 469 290 Ἔρεβος
499 232 708 288 στρέψας,
741 232 874 285 αὐτὸς
904 230 947 276 δ’
979 231 1203 289 ἀπονόσφι
1222 238 1491 306 τραπέσθαι,

207 291 376 345 ιε’μενος
403 296 619 360 ποταμοῖο
653 289 814 360 ῥοάων.
861 290 973 333 ε’νθα
1002 290 1049 333 δὲ
1078 291 1238 334 πολλαὶ

61 379 67 384 -
96 350 178 393 530
207 348 343 414 ψυχαὶ
372 347 626 391 ἐλεύσονται
654 346 826 391 νεκύων
854 344 1242 402 κατατεθνηώτων.

210 405 262 459 δη
292 403 383 448 τότ’
412 402 555 447 ἐηπειθ
590 403 812 476 ἑτάροισιν
841 404 1083 456 ἐποτρῦναι
1111 404 1185 446 καὶ
1216 403 1380 455 ἀνῶξαι

206 465 345 516 μῆλα,
377 460 431 503 τὰ
461 461 515 517 δὴ
545 458 762 504 κατάκειτ’
795 459 1046 529 ἐσφαγμένα
1074 459 1197 515 νηλέϊ
1222 465 1380 518 χαλκῷ,

207 519 437 570 δείραντας
465 521 706 589 κατακῆαι,
735 516 1000 567 ἐπεύξασθαι
1029 516 1074 559 δὲ
1100 521 1282 568 θεοῖσιν,

209 574 380 642 ἰφθίμῳ
410 572 450 616 τ’
475 573 625 642 Ἀΐδῃ,
650 590 723 616 και
754 572 912 627 ἐπαινῃ
945 575 1264 643 Περσεφονείῃ·

94 634 177 675 535
207 628 341 688 αύτός
370 630 436 673 δὲ
446 617 581 685 ξίφος
602 628 680 682 ὀξυ
712 628 1009 697 ἐρυσσάμενος
1038 630 1156 698 παρὰ
1185 633 1335 686 μηροῦ

203 681 364 742 ἧσθαι,
395 687 501 748 μηδὲ
532 687 609 757 ἐᾷν
637 685 808 729 νεκύων
839 683 1033 741 ἀμενηνα
1061 686 1251 757 κάρηνα

205 744 387 798 αἵματος
418 749 556 786 ἀσσον
584 743 706 796 ἰ’μεν,
736 742 842 796 πρὶν
877 744 1104 795 Τειρεσίαο
1135 742 1371 786 πυθέσθαι.

208 799 320 843 ἔνθα
348 816 418 843 τοι
447 799 606 842 αὐτίκα
633 798 786 867 μάντις
815 798 1057 852 ἐλεύσεται,
1086 798 1250 855 ὄρχαμε
1280 804 1415 852 λαων,

207 854 256 906 6¹9
284 855 360 899 κέν
388 873 455 898 τοι
486 857 660 923 εἴπῃσιν
690 853 800 897 ὁδόν
828 856 902 898 καὶ
932 855 1066 910 μέτρα
1094 856 1324 909 κελεύθου,

94 914 177 957 540
206 912 368 957 νόστον
395 911 450 957 θ’
461 944 474 965 ,
505 911 564 963 ὠς
591 912 664 955 ἐπὶ
690 910 858 956 πόντον
887 911 1081 957 ἐλεύσεαι
1110 912 1396 970 ἰχθυόεντα.“

337 1015 392 1050 his
416 1013 542 1049 auditis
567 1016 714 1061 Ulysses
740 1014 851 1050 socios
874 1028 913 1051 se
937 1016 1036 1062 sequi
1061 1016 1104 1051 ad
1128 1028 1248 1051 navem
1269 1017 1382 1061 jubet.

274 1082 358 1134 ’.Ως
388 1082 515 1140 ἔφατ’
531 1095 543 1108 ·

573 1082 739 1127 αὐτίκα
762 1083 808 1127 δε
837 1085 1146 1153 χρυσόθρονος
1174 1084 1342 1140 η’λυθεν
1365 1082 1492 1138 Ἠώς.

160 1140 182 1168 *
211 1137 324 1195 ἀμφὶ
355 1141 403 1183 δέ
433 1156 485 1208 με
514 1140 695 1196 χλαῖνάν
724 1156 790 1191 τε,
819 1139 982 1196 χιτῶνά
1014 1158 1082 1194 τε,
1113 1143 1266 1197 εἵματα
1296 1141 1442 1185 εσσεν·

209 1196 317 1252 αὐτὴ
349 1196 388 1239 δ’
420 1197 647 1253 ἀργύφεον
677 1201 823 1267 φᾶρος
857 1198 965 1252 μέγα
996 1197 1152 1241 ἕννυτο
1186 1200 1370 1270 Νύμφη,

208 1253 365 1297 λεπτὸν
393 1255 467 1297 καὶ
501 1256 670 1309 χαρίεν,
702 1253 802 1307 περὶ
832 1255 876 1297 δὲ
907 1254 1050 1310 ζώνην
1079 1252 1228 1311 βάλετ’
1258 1257 1348 1306 ἰξυῖ

98 1311 180 1355 545
211 1310 371 1379 καλην,
388 1313 625 1381 χρυσείην,
656 1313 827 1382 agemal-⁷}
856 1309 898 1353 δ’
931 1312 1115 1380 ἐπέθηκε
1144 1311 1413 1367 καλύπτρην.

210 1365 352 1420 αὐτὰρ
383 1366 492 1422 ἐγώ,
523 1368 597 1410 διὰ
627 1366 798 1422 δώματ’

829 1367 933 1417 ἰών,
967 1365 1171 1423 ω’τρυνον
1205 1368 1406 1423 ἑταίρους

206 1424 431 1480 μειλιχίοις
461 1424 627 1467 ἐπέεσσι
655 1426 961 1494 παρασταδόν,
993 1424 1134 1479 ἄνδρα
1164 1425 1369 1468 ἕκαστον·

281 1481 492 1537 ,,Μηκέτι
520 1485 605 1524 νῦν
635 1482 837 1533 εὕδοντες
867 1480 1043 1526 ἀωτεῖτε
1071 1482 1242 1539 γλυκύν
1270 1482 1430 1537 ὕπνον,

81 1593 298 1630 528-530.
346 1594 398 1627 Ε.
423 1592 514 1635 εἰς’
513 1592 846 1651 Ἐμρεβοςστρέ-

35 1627 140 1684 ‘spas-
185 1637 306 1684 ω’σπερ
331 1637 423 1685 νπὲρ
447 1643 513 1685 γῆς
537 1639 761 1684 αὐερύονται
785 1640 845 1684 (11.

35 1685 84 1728 α’,
108 1687 208 1730 459.)
231 1685 298 1730 μὲν
323 1689 412 1730 ζῶα,
436 1686 498 1723 ὅτε
520 1692 599 1728 τοῖς
625 1686 702 1723 ἄνω
726 1686 846 1722 θύον-

35 1746 117 1776 ται,
149 1732 249 1767 κάτω
281 1731 321 1769 δὲ
345 1736 532 1769 κλίνονται
566 1733 635 1776 τὴν
667 1733 846 1777 κεφαλήν,

35 1791 96 1815 οτε
121 1778 287 1822 ρέζονται
311 1784 390 1823 τοῖς
413 1780 534 1823 κάτω,
567 1780 666 1815 οὕτω
689 1781 751 1815 καὶ
779 1778 847 1815 τὸν

37 1825 211 1885 ῥηθέντα
229 1824 378 1869 α’ρνειὸν
412 1825 471 1862 ἴὶν
503 1841 535 1860 κ.
567 1825 636 1871 τὴν
669 1827 846 1871 μέλαιναν

34 1873 159 1915 θῆλυν
194 1870 290 1916 ῥέξει
311 1871 391 1909 ’.Οδ
423 1875 476 1914 εἰς
498 1871 652 1920 ’Ἑρεβος
687 1873 847 1919 στρέψας

36 1918 102 1954 διὰ
125 1917 168 1954 τὸ
193 1919 231 1955 ἐν
255 1922 412 1963 δυσμαῖς
438 1918 546 1964 ἡλίου
580 1921 701 1955 ταῦτα
734 1924 847 1955 τελεῖ-

37 1968 141 2002 σθαι.
188 1967 254 2000 imo
283 1967 364 2011 quia
389 1967 529 2000 Erebus
552 1968 653 2002 sedes
677 1971 730 2001 est
754 1967 847 2000 Infe-

36 2023 173 2053 rorum,
209 2013 332 2056 quibus
355 2024 454 2047 sacra
486 2013 582 2047 facit.
629 2013 707 2058 ipse
734 2019 846 2047 autem

34 2059 125 2092 inter
156 2058 416 2093 sacrificandum
447 2059 619 2093 avertitur
653 2059 695 2093 ad
733 2060 848 2093 ocea-

35 2115 112 2138 num
147 2110 184 2138 et
217 2104 389 2150 Superos,
424 2117 492 2149 quo
528 2105 720 2139 Inferorum
754 2106 848 2140 velut

36 2149 273 2206 contagionem
299 2151 425 2195 fugiat.
445 2169 490 2175 —-
526 2151 714 2194 ἱέμενος
737 2166 775 2186 π.
800 2151 846 2194 6.,

36 2195 70 2229 h.
95 2207 125 2232 e.
151 2194 388 2241 ὀρεγόμενος,
422 2209 546 2231 manus
567 2199 777 2242 protendens
800 2199 848 2232 ad

39 2243 226 2284 Oceanum,
245 2243 475 2278 communione
491 2245 676 2289 symbolica
696 2256 768 2278 cum
783 2245 849 2278 Su-

37 2287 152 2332 peris,
185 2301 370 2334 eorumque
401 2290 561 2324 auxilium
599 2303 788 2337 exposcens
812 2291 848 2325 in

38 2340 135 2368 tanto
161 2333 366 2370 discrimine.
389 2355 435 2362 —
466 2335 654 2372 νεκύων
678 2350 775 2372 κατ.
818 2349 847 2371 v.

0 2380 1 2406 ἶ
40 2391 119 2414 ann.
144 2380 188 2413 ad
211 2381 250 2414 ll.
313 2382 425 2422 ,.409

84 2426 165 2460 532.
213 2428 372 2462 mendose
394 2429 494 2462 libri·
519 2427 721 2471 κατέκειτ’,
758 2430 791 2463 1ι.
817 2441 847 2463 e.

38 2471 247 2513 κατέκειτο,
264 2475 450 2516 jacebant,
477 2480 517 2508 ut
539 2474 588 2518 λ’,
613 2477 669 2512 45.
703 2475 849 2521 requiri-

40 2524 98 2552 tur
122 2517 178 2551 hic
204 2519 338 2563 quidem
356 2519 578 2559 κατάκειται
597 2523 739 2566 jacent,
764 2523 794 2555 h.
817 2534 847 2556 e.

31 2565 212 2609 jacebunt,
237 2566 296 2610 qui
320 2577 399 2600 usus
420 2568 608 2610 praesentis
631 2569 665 2603 in
691 2567 849 2602 oradone

40 2610 216 2657 pathetica
240 2623 306 2645 non
332 2619 385 2646 est
409 2614 489 2646 obs
480 2625 585 2647 urus.

32 2679 35 2686 ·
85 2657 208 2692 533—
217 2658 298 2693 537.
346 2660 609 2712 κατακῆαι,
634 2664 673 2694 ut
695 2660 848 2704 κατέκηε

39 2702 136 2744 11.ζ,
154 2703 235 2738 418.
262 2705 307 2740 cf.
320 2704 359 2741 11.
372 2702 419 2745 α’,
433 2704 562 2748 4Ο,θ,
574 2686 640 2741 239
655 2712 721 2741 etc.
748 2708 848 2740 codd

42 2749 136 2783 fere·
161 2751 362 2795 κατακῇαι,
387 2751 448 2785 sed
474 2751 579 2785 minus
599 2757 706 2787 recte.
747 2753 792 2785 W
817 2758 852 2786 et

41 2794 94 2829 Β·
126 2799 330 2832 κατακεῖαι.
369 2816 414 2822 -
468 2797 610 2839 αυτὸς
639 2818 684 2823 -
708 2799 853 2834 πυθέ-

41 2843 170 2876 σθαι.
217 2849 317 2877 acute
353 2843 542 2878 Montbeh·
587 2844 726 2885 „Circe
759 2857 851 2880 com-

41 2888 160 2922 mande
192 2889 238 2922 ici
264 2902 282 2923 a
307 2891 395 2933 Ulys
401 2902 436 2922 se
466 2891 509 2923 de
541 2889 626 2923 tirer
650 2902 710 2924 son
735 2892 852 2936 g!aive

41 2944 126 3013 goul·
157 2937 295 2970 §canter
329 2936 377 2969 les
402 2937 535 2969 odores
565 2937 620 2981 qui
646 2937 853 2970 voudraient

64 2991 136 3016 oure
158 2980 189 3015 le
208 2993 293 3027 sang
317 2983 377 3017 des
397 2982 550 3016 victimet!
572 2989 678 3017 avant
698 2994 767 3029 que
786 2984 852 3017 'li-

891 1594 1002 1630 resias
1027 1595 1102 1629 l'ait
1125 1595 1297 1637 instruit3·
1314 1599 1361 1637 et,
1388 1595 1474 1630 dans
1495 1595 1526 1630 la
1550 1595 1652 1640 suite,
1677 1597 1710 1630 le

891 1642 996 1675 h6ros
1022 1641 1178 1686 parvient
1212 1653 1253 1675 en
1277 1620 1372 1676 ”effet
1406 1655 1427 1676 a
1453 1654 1636 1687 repousser
1659 1643 1711 1677 les

892 1689 1038 1721 ombres.
1065 1688 1159 1721 Dans
1184 1688 1319 1732 Virgile
1336 1690 1439 1733 (Aen.
1460 1691 1493 1728 6,
1511 1689 1576 1723 291
1590 1689 1710 1734 seqq.)

892 1734 926 1767 le
951 1733 1099 1778 premier
1131 1741 1348 1768 mouvernent
1373 1734 1507 1769 dEnee
1540 1739 1594 1768 est
1619 1735 1710 1769 aussi

893 1781 937 1814 de
968 1781 1055 1814 tirer
1087 1792 1147 1814 son
1181 1781 1298 1824 glaive
1331 1792 1420 1826 pour
1452 1780 1629 1825 disperser
1662 1782 1712 1815 les

892 1827 1046 1868 ombres;
1072 1826 1156 1860 mais
1181 1838 1219 1859 sa
1245 1827 1343 1860 docte
1368 1839 1582 1872 compagne,
1609 1829 1712 1862 docta

893 1885 1019 1915 comes,
1053 1872 1205 1906 l'avertit
1238 1884 1306 1917 que
1340 1886 1380 1906 ce
1412 1880 1492 1907 sont
1526 1874 1587 1907 des
1620 1885 1712 1909 ames

893 1930 972 1952 sans
1005 1930 1130 1963 corpS‚
1166 1924 1202 1952 et
1232 1919 1275 1952 de
1308 1919 1428 1953 vaines
1460 1920 1602 1964 images.
1654 1922 1711 1955 On

894 1970 972 1998 sent
996 1965 1162 1999 aisement
1186 1965 1218 1998 la
1243 1965 1434 1999 difle'rence
1460 1967 1521 1999 des
1546 1967 1634 2000 deux
1660 1967 1713 2000 ci-

894 2012 1125 2045 milisations“
1175 2011 1302 2056 cupide
1336 2018 1448 2045 autem
1480 2014 1620 2047 umbrae
1645 2025 1711 2058 ap-

894 2064 1019 2103 petunt
1042 2058 1263 2101 sanguinem,
1288 2063 1449 2102 tanquam
1474 2059 1531 2100 id,
1558 2071 1626 2103 quo
1653 2072 1711 2093 ca-

893 2110 994 2145 rent,
1023 2115 1158 2157 quoque
1184 2104 1306 2137 hausto
1335 2115 1373 2137 se
1398 2111 1542 2150 sperant
1565 2106 1712 2141 restitu-

895 2156 964 2183 tum
991 2149 1047 2184 iri.
1085 2161 1119 2183 V.
1145 2147 1189 2190 λ’,
1213 2151 1428 2186 218—221.

942 2195 1021 2231 542.
1060 2193 1182 2239 α’μφὶ
1207 2214 1252 2220 -
1271 2193 1416 2231 ἕσσεν.
1449 2197 1642 2232 videatur‘
1632 2209 1711 2241 lpsa.

896 2242 999 2276 Circe
1024 2243 1170 2276 ancillae
1201 2243 1320 2285 (365.)
1352 2243 1450 2287 fungi
1475 2244 1613 2285 officio,
1647 2245 1711 2278 ho-

895 2288 988 2322 noris
1021 2300 1135 2322 causa.
1183 2290 1245 2322 sed
1270 2289 1388 2323 mirum
1414 2296 1525 2323 tamen
1552 2297 1628 2332 est,
1661 2292 1713 2325 ita

895 2335 1012 2368 facere
1037 2334 1155 2376 deam,
1188 2346 1263 2368 cum
1297 2347 1364 2369 non
1393 2337 1541 2381 prodeat
1565 2337 1712 2381 Ulysses

896 2393 915 2414 e
941 2381 1082 2421 ba¹neo‚
1109 2381 1168 2414 sed
1195 2392 1292 2419 mane
1317 2387 1456 2426 surgat,
1483 2383 1619 2425 quando
1644 2382 1712 2427 ipsi

895 2426 992 2460 indui
1017 2426 1129 2460 solent
1147 2427 1294 2468 herceis,
1322 2439 1385 2461 nec
1411 2428 1553 2462 alienam
1573 2441 1711 2473 operam

896 2479 1094 2529 expectare.
1133 2485 1165 2506 v.
1185 2473 1222 2506 n.
1250 2472 1297 2518 β’,
1320 2475 1365 2508 42
1386 2481 1450 2508 etc.
1479 2475 1574 2519 atqui
1596 2477 1635 2508 A.
1658 2476 1712 2510 3.

897 2517 955 2554 ἓσυ
941 2531 1018 2552 αν.
1065 2519 1252 2553 scribamus
1285 2518 1394 2561 ἕσσα,
1428 2520 1542 2553 activo
1566 2526 1713 2577 accepto

896 2577 960 2610 pro
987 2565 1109 2606 medio,
1135 2571 1173 2598 ut
1197 2564 1238 2597 fit
1264 2576 1522 2610 nonnunquam·
1549 2566 1713 2609 ν.11.χ’,

895 2613 941 2646 78
963 2618 997 2644 et
1013 2611 1094 2652 406,
1112 2611 1237 2645 conato
1254 2613 1334 2647 567.
1352 2613 1453 2656 hujus
1471 2612 1562 2656 libri,
1583 2613 1710 2648 Matth.

896 2669 930 2704 p.
957 2659 1037 2692 689.
1063 2661 1095 2693 1.
1121 2657 1175 2691 ed.
1201 2663 1269 2691 etc.

943 2704 1066 2739 543—
1079 2703 1160 2739 545.
1208 2702 1247 2744 ε’,
1271 2703 1488 2737 230—232.

945 2751 1158 2785 548—560.
1190 2749 1386 2804 μηκέτι
1402 2767 1448 2773 -
1472 2761 1634 2784 υπνον.
1669 2749 1711 2784 ΙΙ.

897 2793 941 2836 κ’,
961 2797 1060 2831 159.
1086 2797 1124 2830 τί
1145 2793 1335 2839 πάννυχον
1360 2793 1481 2829 ύπνον
1501 2794 1651 2836 α’ωτεῖςς
1677 2807 1711 2830 v.

897 2842 946 2876 ibi
972 2853 1049 2876 ann.
1077 2844 1151 2897 Ap.
1167 2853 1176 2875 ε
1201 2840 1363 2876 ἀωτεῖτε.
1396 2839 1484 2885 ἤτοι
1509 2839 1711 2884 ἐπανθίζε-

899 2891 968 2923 σθε
986 2886 1053 2922 τὸν
1072 2886 1212 2923 ὕπνον·
1241 2900 1363 2922 αωτον
1390 2887 1459 2933 γὰρ
1480 2890 1558 2924 πᾶν
1581 2888 1622 2924 τὸ
1644 2888 1710 2923 ἄν-

897 2939 982 2974 θος.
1023 2931 1047 2979 ἢ
1071 2933 1173 2978 παρὰ
1198 2933 1240 2968 τὸ
1268 2931 1398 2975 οἷέσαι,
1432 2935 1454 2970 6¹
1467 2933 1555 2989 Ι’ἐστι
1562 2938 1709 2991 κοιμᾶ-

898 2984 1003 3017 σθαι.
1052 2982 1112 3015 καὶ
1146 2980 1337 3023 ἀωτεῖς,
1372 2981 1496 3028 κοιμᾷ.
1544 2995 1593 3024 ως
1623 2995 1709 3028 μη-
