1856 3282
108 136 161 176 14

739 137 1135 179 ΟΜΗΡΟΥ

277 242 380 315 μήτ’
411 243 549 289 αὐτὸν
577 248 784 299 κτείνειν,
814 247 919 304 μήτε
951 247 1179 319 μνάασθαι
1208 264 1400 294 ακοιτιν·

195 304 249 346 40
278 300 326 344 ἐκ
354 300 437 369 γὰρ
463 301 669 372 Ὀρέσταο
699 305 811 355 τίσις
840 305 1006 348 ε’σσεται
1031 302 1283 378 ’Amei60co‚,

277 355 436 401 ὁππότ’
467 357 525 401 ἂν
551 358 695 416 ἡβήσῃ
726 376 791 412 τε,
821 360 896 403 καὶ
923 362 976 430 ἡς
1006 362 1215 431 ἱμείρεται
1245 362 1352 417 α’ίης.

278 412 338 464 ὥς
367 414 506 485 ἔφαθ’
532 413 757 486 Ἑρμείας,
779 414 874 460 ἀλλ’
905 433 961 460 ου
991 416 1155 471 φρένας
1182 419 1414 486 Αἰγίσθοιο

276 469 412 525 πεῖθ’,
442 469 590 527 ἆγαθα
621 471 843 528 φρονέων·
874 476 959 516 νῦν
989 474 1033 517 δ’
1050 472 1214 528 ἀθρόα
1246 472 1377 516 πάντ’
1411 473 1596 519 απέτισε
1607 479 1633 500 “
1684 497 1686 499 ¹

330 584 398 606 non
431 573 628 627 parricidae
662 574 781 616 istius,
817 575 879 610 sed
912 575 1027 621 potius
1051 576 1188 622 ΠΙ)55Ῑ5
1212 575 1378 611 rationem
1403 576 1593 612 habendam
1619 588 1695 611 esse
1718 576 1768 611 ait

245 617 427 661 Minerva,
451 619 517 653 viri
541 620 672 654 strenui
697 627 731 654 et
755 620 815 666 pii.

332 686 421 731 Τὸν
450 685 496 731 δ’
525 685 715 745 ἠμείβετ’
750 688 896 733 ἔπειτα
927 690 1011 734 θεοὶ
1040 691 1292 746 γλαυκῶπις
1317 688 1501 748 Ἀθήνη·

106 835 195 880 ἐρικ.
223 835 320 871 υιόν.
369 834 597 891 probabiliter
623 835 675 870 Ν.
709 834 919 881 πέμψαντες

106 883 236 927 Μαίης
262 881 312 927 ἐρ.
339 880 414 924 ἆγλ.
445 881 550 918 νὶόν;
584 894 647 917 nec
681 886 792 917 tamen
822 896 917 926 vere,

106 930 168 964 sed
203 931 255 963 ita
293 929 509 963 scribendum
544 935 615 962 est:
656 928 848 972 πέμψαντ’
878 929 918 966 ἐκ

107 976 238 1020 Μαίης
259 974 308 1020 ἐρ.
329 973 365 1009 οἷ.
385 973 482 1010 υἱόν·
531 975 604 1008 Αιιι.
619 974 674 1015 Q:
695 973 917 1020 Ερμείαν

107 1022 399 1066 πέμψαντες.
430 1019 648 1064 ἐκπέμψατε.
685 1022 822 1064 δυικως
848 1022 916 1068 γάρ

108 1074 174 1102 etc.
224 1069 374 1102 fluum-2
408 1079 506 1112 „pro
528 1065 735 1110 ἐκπέμψατε
753 1068 786 1102 in
810 1070 915 1103 schol.

109 1114 156 1155 Q.
183 1114 320 1148 videtur
350 1112 457 1146 fuisse
485 1115 550 1156 Γρ.
572 1114 773 1157 πέμψαντε.
787 1118 812 1134 “
849 1115 915 1149 ἰιιιο

107 1159 351 1204 ἐκπέμψαντε.
392 1159 479 1193 male
496 1160 612 1193 Schol.
631 1160 917 1204 praepositionem

108 1207 231 1242 retulit
256 1206 300 1240 ad
331 1206 494 1247 verbum,
532 1217 605 1239 cum
633 1213 791 1240 auctores
817 1207 918 1250 hujus

109 1252 377 1298 διττογραφίας
401 1251 590 1285 voluissent
610 1251 696 1286 υἱὸν
715 1251 753 1286 ἐκ
776 1255 918 1296 Metine,

100 1302 217 1345 filium
244 1303 397 1333 nostrum
427 1309 467 1330 ex
498 1298 598 1339 Muja
625 1304 842 1353 susceptum,
881 1304 919 1332 ut

110 1345 499 1400 Eurip.Phoen·11.·
534 1342 662 1384 Κρέων
691 1344 726 1378 τ’
757 1340 920 1386 ἁδελφὸς

108 1392 251 1437 ματρός
278 1389 318 1426 ἐκ
344 1388 431 1434 μιᾶς
457 1387 530 1432 ἔφυ
553 1394 620 1423 etc.
662 1389 781 1423 lemma
799 1390 919 1423 scholii

108 1440 229 1473 falsum
256 1442 328 1477 est,
352 1441 388 1470 et
416 1435 567 1479 vulgatis
592 1436 710 1469 verbis
730 1448 919 1470 accommo-

107 1485 244 1525 datum,
267 1488 306 1516 ut
332 1493 436 1525 saepe
466 1481 543 1514 fieri
570 1481 693 1515 scimus
711 1482 743 1515 in
766 1482 917 1515 scholiis,

107 1531 152 1565 de
169 1542 231 1564 usu
251 1527 441 1582 promiscuo
459 1527 571 1561 dualis
589 1533 625 1561 et
644 1527 785 1571 pluralis
810 1539 862 1568 v.‚
888 1527 919 1560 si

108 1577 197 1612 tanti
226 1581 301 1615 eat,
336 1574 376 1607 Il.
406 1571 449 1617 γ’,
480 1574 581 1616 210,
614 1573 742 1606 Matth.
773 1577 806 1616 §.
836 1577 916 1609 300.

107 1627 257 1657 ceterum
284 1620 432 1676 scriptor
459 1630 594 1664 quoque
615 1619 731 1664 hymni
753 1619 787 1652 in
807 1619 918 1653 Merc.

107 1668 338 1710 89.;1Παίης
359 1664 546 1710 ἐρικυδέος
564 1665 667 1705 υἱὸς,
674 1665 919 1720 similiterque

108 1717 205 1751 189.·
231 1712 379 1758 Λητοῦς
405 1711 593 1757 ἐρικυδέος
620 1709 714 1752 υιός.
745 1712 790 1747 cs.
813 1712 852 1745 Il.
875 1710 919 1754 ξ’,

107 1761 187 1798 327.
204 1765 270 1795 etc.

152 1807 209 1841 40.
257 1804 329 1850 ’ρΟ
341 1803 480 1840 έσταο
506 1823 552 1828 -
576 1801 833 1846 Ἀτρείδαο.
859 1803 921 1838 ho·-

108 1853 370 1893 moeoteleuton,
395 1856 433 1885 ut
449 1851 488 1886 ΙΙ.
511 1848 556 1896 β’,
576 1851 633 1892 87,
654 1849 746 1893 484„
766 1849 810 1892 ξ’,
830 1851 921 1890 116.,

108 1899 198 1933 infra
217 1900 297 1934 397.
317 1903 385 1932 etc.
419 1896 529 1930 oratio
558 1897 695 1941 obliqua
729 1900 859 1929 mutata
886 1895 921 1929 in

109 1950 249 1980 rectam.
273 1956 307 1978 V.
334 1941 415 1985 374,
439 1944 531 1983 407„
556 1953 633 1975 ann.
650 1942 693 1975 ad
711 1942 748 1975 11.
771 1940 824 1986 ψ’,
839 1943 918 1976 855.

153 1989 302 2026 41-43.
352 1989 629 2033 ἱμείρεται,
655 1988 847 2032 ἱμείρηται.
873 2007 919 2013 —

109 2037 240 2081 αἴης,
265 2042 402 2075 terrae3
437 2034 593 2080 patriae,
616 2046 716 2078 quam
737 2035 919 2068 desidera-

109 2084 170 2118 bat.
193 2083 336 2116 Orestes
365 2081 443 2115 exul
470 2093 525 2126 ap.
549 2081 777 2124 Strophium
768 2093 802 2114 m
824 2081 920 2114 Pho-

110 2129 210 2170 cide,
234 2134 273 2162 ut
300 2128 402 2171 vulgo
427 2132 589 2165 narrant,
613 2127 668 2159 vel
700 2126 842 2160 Athenis
863 2137 920 2160 se-

110 2176 255 2209 cundum
283 2174 375 2207 hunc
394 2179 544 2207 nostrum
565 2170 607 2216 γ’,
628 2174 707 2208 307.
732 2192 772 2197 —-
801 2171 919 2215 ἄγα-

109 2221 174 2256 θοὶ
209 2220 449 2275 φρονέων,
488 2219 676 2252 benevolus.
724 2218 788 2252 Iris
827 2218 919 2263 apud

111 2267 281 2301 Priamum
314 2266 353 2300 ll.
375 2264 426 2307 ω’,
452 2267 550 2300 171.
583 2262 737 2306 θορσει,
763 2268 918 2306 Δαρδα-

109 2314 196 2370 νίδη
224 2314 390 2367 Πρίαμε,
424 2310 552 2355 φρεσὶ,
585 2310 680 2354 μηδέ
707 2324 743 2345 τι
767 2310 917 2353 τάρβει·

112 2357 169 2395 Ου’
187 2372 264 2414 μεν
296 2357 382 2414 γάρ
397 2371 456 2392 τοι
492 2356 560 2401 ἐγώ
593 2356 707 2392 κακὸν
738 2355 918 2402 ὀσσομένη

107 2403 195 2441 τόδ’
218 2403 351 2446 ὶκανω,
373 2401 460 2439 Ἀλλ’
479 2402 607 2459 αγαθὰ
627 2403 850 2447 φρονέουσα.
883 2409 920 2438 at

107 2452 340 2496 Bellerophon
370 2448 498 2494 ἀγαθὰ
529 2450 697 2504 φρονέων
725 2450 764 2484 ΙΙ.
779 2448 819 2493 ζ’,
841 2452 917 2485 162.

108 2505 161 2532 est
178 2499 316 2542 probus
335 2498 425 2541 pius.
448 2518 494 2523 —
519 2499 606 2531 νῦν
630 2516 675 2521 -
702 2493 917 2538 οἶπέτισε,

106 2556 196 2578 nunc
215 2544 316 2578 simul
335 2544 451 2576 omnia
471 2543 546 2576 luit
594 2542 634 2576 Il.
653 2540 694 2586 χ’,
713 2545 813 2578 271⁸
848 2542 918 2577 νῦν

107 2589 145 2625 δ’
170 2588 297 2633 ἀθρόα
323 2587 439 2624 πάντ’
458 2587 645 2628 ἀποτίσεις
676 2586 795 2633 Κήδε’
820 2588 920 2631 ἐμῶν

108 2635 268 2680 ἑτάρων,
295 2633 361 2677 οὓς
381 2635 526 2676 ε’κτανες
544 2634 639 2679 ἔγχει
655 2634 775 2670 θυων.
809 2637 855 2670 cf.
874 2635 918 2681 β’,

107 2684 131 2719 3
155 2686 188 2718 6.
208 2690 276 2716 etc.

131 2685 210 2764 544.
258 2726 353 2763 θεοὶ
399 2727 682 2784 γλαυκῶπις
728 2724 918 2771 Ἀθήνη.

109 2779 229 2808 nomen
257 2771 392 2817 Ἀθηνᾶ
421 2772 496 2809 οἱπό
527 2774 596 2809 τοῦ
626 2774 750 2807 αἴθειν
787 2772 826 2808 ἐκ
855 2775 921 2816 τῆς

110 2818 233 2863 οψεως
253 2821 351 2854 ducit
372 2824 434 2864 Ap.
456 2833 488 2854 v.
510 2821 734 2864 γλαυκωπις,
758 2831 824 2875 quo
846 2821 919 2854 loco

110 2867 208 2901 libri:
244 2867 463 2923 γλαυκῶπις.
494 2865 569 2902 ἀπό
602 2867 671 2901 τοῦ
703 2867 768 2910 τῆς
799 2864 922 2909 ὅψεως

111 2912 187 2969 τὴν
195 2911 290 2948 θεὸν
315 2910 524 2955 ὁρίζονται,
549 2925 612 2958 pro
633 2911 708 2947 ἀπό
728 2924 818 2952 του,
844 2913 875 2946 h.
889 2924 921 2946 e.

112 2957 234 3001 τινὸς,
256 2959 322 3003 τῆς
341 2958 373 2994 ὅ.
419 2971 442 2992 α
458 2961 670 3002 proprietate
695 2958 848 3003 quadam
870 2959 924 2991 vi-

112 3018 189 3041 sus.-
211 3016 323 3051 neque
340 2985 428 3040 enim
447 3004 636 3050 probabilis
652 3010 707 3039 est
725 3004 924 3049 conjectura

964 837 1115 873 virorum
1143 838 1341 882 doctorum,
1371 837 1569 884 πυρωδους
1590 839 1645 874 vel
1667 837 1772 884 quid-

965 886 1042 919 dam
1069 885 1177 919 simile
1205 885 1374 920 excidisse
1398 886 1601 932 putantium.
1647 885 1771 929 fulgidi

962 931 1206 966 describuntur
1224 932 1363 966 deorum
1383 939 1489 978 atque
1509 933 1646 967 heroum
1667 931 1772 972 oculi,

962 977 1054 1011 sicut
1072 977 1200 1019 leonis,
1224 978 1394 1032 serpentis
1421 984 1457 1013 et
1481 978 1671 1012 animalium
1696 977 1770 1011 sor-

962 1023 1180 1057 tissimorum.
1226 1023 1308 1058 item
1333 1024 1577 1069 magnitudinis
1606 1035 1646 1057 ac
1670 1024 1770 1057 volu-

963 1069 1108 1104 bilitatis
1147 1069 1249 1103 laude
1285 1070 1386 1105 Hom.
1425 1082 1548 1104 ornare
1583 1069 1672 1103 solet
1698 1080 1770 1109 eos,

963 1126 1038 1149 cum
1066 1115 1149 1149 deas
1177 1116 1407 1172 mulieresque
1425 1116 1616 1162 βοώπιδας
1632 1115 1717 1148 dicit
1736 1121 1772 1148 et

962 1159 1192 1202 ἑλικώπιδας.
1217 1162 1285 1205 (ll.
1303 1161 1351 1206 α’,
1364 1165 1419 1201 98.
1430 1165 1509 1207 389,
1522 1163 1598 1199 551.
1592 1188 1614 1204 .,
1635 1159 1677 1205 γ’,
1692 1159 1772 1195 144.

964 1208 1058 1250 etc.)
1082 1207 1164 1252 quin
1190 1188 1378 1251 generatim
1401 1210 1558 1244 Graecos
1579 1213 1680 1241 vocat
1701 1206 1772 1242 ἑλί-

963 1266 1100 1293 κωπας,
1122 1253 1329 1287 volubilibus
1350 1255 1457 1289 oculis
1475 1254 1660 1299 praeditos,
1680 1252 1773 1298 quod

963 1300 1037 1333 fere
1065 1299 1187 1333 alacris
1212 1299 1338 1343 ingenii
1358 1302 1488 1357 signum
1512 1306 1590 1341 est,
1612 1299 1774 1344 quemad-

964 1345 1094 1379 modum
1116 1347 1180 1389 Ap.
1203 1344 1225 1378 l.
1243 1357 1270 1378 c.
1284 1344 1382 1380 ’διὰ
1402 1344 1443 1381 δὲ
1462 1346 1528 1391 τῆς
1547 1343 1702 1400 ὅψεως,
1714 1345 1773 1378 in-

965 1391 1052 1436 quit,
1077 1390 1140 1426 καὶ
1161 1389 1204 1425 τό
1225 1392 1290 1436 τῆς
1307 1393 1478 1433 διανοίας
1496 1393 1667 1437 πυρῶδες
1686 1387 1774 1434 ὁρᾶ-

964 1451 1026 1471 ται
1051 1437 1118 1480 τῆς
1142 1438 1250 1473 θεοῦ.
1299 1439 1445 1473 colorem
1476 1451 1560 1473 vero
1596 1437 1773 1472 oculorum

964 1483 1140 1527 significat
1159 1483 1200 1518 τὸ
1218 1485 1449 1528 γλαυκῶπις,
1475 1484 1565 1530 quod
1593 1483 1773 1528 epitheton

965 1529 1030 1562 soli
1048 1528 1227 1562 Minervae
1244 1531 1368 1564 tribuit
1390 1531 1489 1566 Hom.
1480 1555 1513 1571 .‚
1543 1529 1774 1575 Empedocles

964 1579 1000 1608 et
1018 1575 1092 1618 ejus
1112 1575 1266 1620 exemplo
1287 1576 1473 1622 Euripides
1492 1586 1566 1610 cum
1584 1576 1665 1610 luna
1682 1585 1777 1608 com-

964 1620 1200 1662 municarunt,
1224 1627 1388 1667 astraque
1414 1621 1606 1667 generatim
1634 1620 1775 1666 γλαυκὰ

964 1666 1107 1700 vocavit
1131 1647 1324 1708 Hi1i1erius‚
1349 1680 1412 1702 nec
1432 1668 1564 1702 veritus
1586 1673 1639 1701 est
1658 1667 1777 1701 Theo-

967 1713 1073 1746 critus
1103 1714 1158 1754 16,
1185 1714 1219 1748 5.
1255 1714 1363 1758 ipsam
1396 1715 1564 1748 Auroram
1600 1713 1777 1758 appellare

966 1757 1150 1804 γλαυκάν,
1174 1764 1211 1792 ut
1229 1759 1265 1792 N
1284 1760 1475 1796 annotavit.
1521 1759 1689 1803 fulgorem
1714 1769 1775 1793 seu

966 1805 1201 1850 splendorem,
1225 1805 1282 1850 qui
1309 1817 1381 1839 cum
1409 1806 1534 1851 glauco
1558 1805 1672 1840 colore
1693 1815 1774 1838 con·
1832 1844 1837 1853 ,

963 1853 1100 1897 junctus
1133 1862 1210 1885 esse
1246 1851 1353 1892 solet,
1387 1852 1607 1896 cogitabant,
1638 1850 1775 1904 opinor,

966 1898 1015 1932 illi
1048 1897 1260 1931 recentiores
1283 1898 1396 1942 potius
1427 1909 1526 1943 quam
1552 1897 1700 1931 colorem
1727 1896 1775 1929 si-

966 1944 1083 1977 derum
1111 1954 1269 1985 aureum,
1302 1948 1340 1977 ut
1370 1943 1422 1978 ait
1452 1944 1542 1978 Plin.
1573 1944 1619 1978 H.
1645 1943 1692 1977 Ν.
1716 1943 1776 1982 33,

965 2002 1026 2034 seg
1016 2001 1072 2024 rm.
1094 1990 1146 2024 19.
1167 1989 1256 2023 sed
1246 2000 1321 2035 ipse
1341 1990 1435 2024 color
1454 1991 1596 2044 glaucus
1613 2000 1673 2023 seu
1694 1999 1775 2022 cae-

966 2036 1036 2070 sius
1063 2035 1174 2079 qualis
1197 2036 1265 2076 sit,

966 2185 1069 2228 segm.
1084 2173 1139 2208 54.
1151 2175 1190 2217 )‚
1213 2174 1296 2208 item
1321 2174 1429 2208 leonis
1448 2178 1484 2208 et
1500 2173 1636 2213 felium,
1661 2176 1696 2206 et
1723 2170 1777 2205 in-

966 2220 1085 2265 primis
1115 2227 1332 2262 noctuarum,
1356 2232 1446 2265 quae
1465 2220 1545 2254 inde
1563 2229 1685 2252 nomen
1701 2222 1774 2251 tra-

965 2270 1098 2301 xerunt.
1147 2277 1240 2300 mare
1265 2278 1406 2322 quoque
1421 2266 1579 2309 glaucum
1599 2264 1777 2309 appellant
1829 2265 1831 2279 ¹

966 2316 1102 2357 ροὸῐιιε,
1127 2318 1162 2346 et
1179 2312 1254 2347 olea
1268 2316 1307 2355 γλ
1312 2325 1407 2347 αυκα
1424 2316 1478 2345 est
1495 2311 1661 2366 Sophocli
1685 2310 1774 2343 Oed.
1830 2350 1831 2354 Ἰ

966 2358 1038 2391 Col.
1067 2360 1169 2398 649..
1203 2359 1353 2392 Pindaro
1384 2355 1637 2403 γλαυκόχρως,
1673 2366 1774 2401 quam

964 2404 1112 2448 ξανθήν
1134 2384 1250 2438 dicens
1267 2405 1400 2448 Aesch)
1405 2405 1456 2438 lus
1476 2404 1572 2437 Pers.
1591 2404 1684 2444 586„
1701 2403 1775 2446 fla-

964 2463 1044 2484 vam
1066 2451 1164 2494 Virg.
1184 2453 1267 2486 Aen.
1286 2453 1320 2491 5,
1339 2452 1433 2492 309„
1457 2450 1569 2484 serius
1591 2448 1668 2482 anni
1687 2453 1775 2481 tem-

966 2508 1030 2541 pus
1049 2497 1242 2541 significat,
1266 2508 1340 2530 cum
1360 2496 1470 2530 olivae
1488 2501 1524 2530 et
1543 2495 1627 2529 folia
1648 2499 1684 2529 et
1701 2493 1776 2527 fru-

966 2548 1042 2577 ctus
1068 2543 1136 2576 flav
1141 2548 1269 2576 escunt.
1319 2542 1518 2576 declaratur
1542 2541 1652 2585 igitur
1671 2550 1776 2574 voca-

964 2589 1046 2623 bulo
1073 2585 1230 2633 γλαυκὸς
1256 2588 1350 2622 color
1373 2588 1510 2633 quidam
1532 2587 1666 2621 medius
1684 2585 1777 2618 inter
1827 2600 1829 2605 v

965 2636 1159 2670 coeruleum
1178 2646 1218 2668 ac
1239 2635 1402 2675 viridem,
1428 2641 1462 2668 et
1483 2633 1665 2677 utriusque
1683 2630 1778 2663 velut
1834 2655 1836 2658 .

966 2682 1155 2726 particeps,
1178 2692 1244 2725 quo
1266 2680 1380 2714 colore
1400 2680 1528 2714 amicae
1546 2679 1662 2713 oculos
1681 2675 1776 2731 pingi
1826 2688 1838 2705 κ

963 2728 1061 2771 jubet
1082 2729 1261 2761 Anacreon
1285 2724 1357 2771 (τὸ
1379 2724 1418 2761 os
1439 2726 1580 2772 βλέμμα
1601 2723 1670 2758 νῦν
1679 2719 1778 2802 ᾯλη-

1724 2781 1778 2811 μα
1836 2780 1839 2786 ·

1649 2811 1778 2859 νγρὸν,
1826 2819 1839 2856 1ι

968 2880 1018 2907 ως
1042 2864 1269 2924 Κυθήρης),
1295 2878 1368 2900 cum
1366 2833 1539 2909 ⁷71312thylli
1558 2863 1676 2906 nigros
1701 2871 1778 2896 esse
1824 2899 1827 2909 ,

967 2912 1051 2947 velit
1077 2911 1216 2956 (μέλαν
1245 2925 1346 2955 ομμα
1370 2910 1505 2957 γοργόν
1527 2908 1638 2949 ἔστω,
1665 2909 1777 2942 Κεκε-
1824 2907 1840 2950 ¹7·

966 2774 1048 2813 θως
1085 2772 1168 2808 Ἀπὸ
1210 2772 1277 2807 τοῦ
1317 2773 1435 2815 πυρὸς
1468 2774 1669 2825 ποίησον,

966 2817 1145 2875 γλαυκὸν,
1180 2831 1229 2858 ως
1256 2817 1429 2864 Ἀθήνης,
1456 2816 1551 2860 ’Ἅμα
1581 2813 1621 2850 6

968 2959 1151 3002 ρασμένον
1192 2957 1379 3005 γαλήνῃ),
1419 2953 1698 3009 quemadmodum
1743 2956 1780 2986 et

969 3007 1116 3051 Lycum,
1161 3006 1277 3040 Alcaei
1309 3004 1496 3046 amasium,
1529 3000 1642 3046 nigris
1673 2998 1780 3033 oculis
1824 3019 1825 3027 ι

1310 2048 1354 2069 ex
1385 2048 1425 2069 eo
1456 2035 1641 2080 conjicias,
1684 2033 1775 2087 quod
1830 2049 1832 2054 ¹

967 2082 1080 2126 glauci
1104 2093 1180 2115 esse
1198 2082 1358 2116 dicuntur
1375 2081 1464 2115 oculi
1488 2092 1672 2134 equorum,
1698 2079 1776 2125 qui-
1832 2103 1833 2107 ,

967 2129 1030 2162 bus
1059 2127 1186 2162 similes
1213 2129 1335 2161 habuit
1363 2129 1537 2173 Augustus
1571 2126 1776 2169 (Plin.11‚
1830 2129 1833 2151 -’
