1856 3282
775 141 1176 182 OMHPOY

314 246 458 314 Κίρκη
487 246 777 319 ἐϋπλόκαμος,
805 248 925 304 δεινὴ
955 249 1080 301 θεὸς,
1115 249 1359 307 αὐδήεσσα,

278 357 287 362 .
314 300 661 375 αὐτοκασιγνήτη
692 304 968 374 ὀλοόφρονος
997 306 1184 362 Αἰήταο·

314 357 450 412 ἄμφω
479 360 522 403 δ’

312 583 422 627 ἔνθα
451 584 539 628 τότ’
548 573 774 656 ἐκβάντες
805 587 886 631 δύο
916 586 957 630 τ’

312 640 506 696 κείμεθ’,

414 745 519 779 tertio
543 745 600 778 die
623 746 857 791 speculatores
882 746 1017 780 mittere
1041 746 1219 789 decernit,
1243 751 1352 780 sumto
1377 746 1468 781 cibo.

313 808 411 853 ἄλλ’
440 811 511 854 ὅτε
541 812 593 867 δή
624 815 770 866 τρίτον
798 811 915 869 ἦμαρ
945 813 1220 869 ἐϋπλόκαμος
1249 812 1392 857 ¹1:51156'
1420 811 1551 865 Ἠώς,

203 867 282 910 145
312 868 386 909 καὶ
415 866 505 910 τότ’
538 869 668 922 ἐγών,
702 869 807 924 ἐιιόν
837 870 958 940 ἔγχος
988 870 1097 913 ἔλων
1127 872 1201 914 καὶ
1232 871 1465 925 φάσγανον
1494 868 1587 923 ὀξὺ,

311 925 593 996 καρπαλίμως
621 925 739 979 παρά
771 928 876 979 νηὸς
906 925 1062 982 ἀνήϊον
1092 927 1133 978 ἐς
1164 926 1402 981 περιωπήν,

313 981 353 1021 εί
378 996 470 1031 πως
500 980 602 1036 ἔργα
631 983 769 1035 ’ίδοιμι
798 985 993 1037 βροτῶν,
1024 983 1186 1039 ἐνοπήν
1215 999 1259 1026 τε
1288 983 1527 1051 πυθοίμην.

311 1035 440 1092 ἔστην
469 1038 537 1088 δὲ,
568 1040 756 1094 σκοπιήν
786 1039 828 1089 ἐς
857 1040 1182 1083 παιπαλόεσσαν
1212 1037 1427 1088 ἀνελθών,

312 1094 385 1135 καί
412 1110 488 1146 μοι
519 1094 683 1137 ἐείσατο
712 1096 879 1146 καπνὸς
910 1094 994 1139 άπὸ
1025 1097 1188 1152 χθονός
1218 1096 1473 1166 εὐρυοδείης

202 1149 283 1194 150
312 1150 479 1202 Κίρκης
510 1149 557 1192 ἐν
587 1152 838 1222 μεγάροισι,
870 1152 944 1194 δια
974 1153 1119 1208 δρυμὰ
1147 1153 1293 1196 πυκνοὶ
1323 1153 1397 1194 καὶ
1425 1151 1571 1219 ὕλην.

312 1207 554 1275 μερμήριξα
584 1205 623 1250 δ’
656 1207 798 1250 ἔπειτα
826 1207 936 1251 κατά
969 1209 1112 1262 φρένα
1141 1209 1216 1252 καὶ
1244 1208 1354 1251 κατὰ
1386 1207 1535 1262 θυμόν

308 1260 453 1305 ἐλθεῖν
481 1262 558 1318 η’δὲ
589 1263 834 1318 πυθέσθαι,
862 1264 951 1307 ἐπεὶ
979 1266 1077 1308 ἰ’δον
1107 1267 1274 1308 αι’θοπα
1303 1263 1494 1307 καπνόν·

314 1319 398 1361 ὠδε
428 1280 508 1362 δέη
503 1336 578 1373 μοι
607 1321 843 1375 φρονέοντι
873 1320 1089 1365 δοάσσατο
1118 1323 1294 1373 κέρδιον
1324 1317 1448 1372 εἶναι,

311 1374 450 1427 πρῶτ’
480 1375 655 1420 ἐλθόντ’
687 1377 757 1420 ἐπὶ
793 1381 880 1433 νῆα
908 1377 1027 1435 θοήν
1056 1379 1129 1422 καὶ
1158 1383 1267 1421 θῖνα
1297 1375 1524 1430 θαλάσσης

202 1430 283 1476 155
314 1432 494 1476 δεῖπνον
524 1433 761 1490 ἑταίροισιν
792 1435 996 1490 δόμεναι,
1030 1436 1221 1491 προέμεν
1250 1449 1295 1477 τε
1323 1433 1564 1477 πυθέσθαι.

511 1535 648 1559 cervum
672 1524 842 1569 ingentem
868 1525 987 1569 dejicit
1011 1531 1046 1560 et
1070 1526 1173 1560 sociis
1201 1528 1375 1570 apportat.

313 1587 414 1633 ἀλλ’
445 1590 514 1635 ὅτε
544 1592 596 1648 δὴ
632 1591 786 1648 σχεδὸν
814 1590 888 1662 ἦα
902 1592 1010 1636 κιών
1039 1592 1138 1643 νεὸς
1171 1591 1470 1648 ἀμφιελίσσης,

312 1647 388 1689 καὶ
415 1646 512 1691 τότε
539 1652 603 1699 τίς
635 1665 686 1703 με
714 1653 834 1692 θεῶν
865 1648 1121 1704 ὀλοφύρατο
1153 1654 1324 1720 μοῦνον
1355 1649 1496 1697 ἐόντα,

317 1701 367 1760 ὅς
399 1703 455 1759 ῥά
485 1721 574 1775 μοι
587 1705 811 1774 ὑψίκερων
842 1706 1008 1761 ἔλαφον
1037 1706 1172 1777 μέγαν
1204 1707 1265 1756 εἰς
1294 1705 1401 1749 ὁδὸν
1432 1701 1571 1759 αὐτὴν

313 1761 430 1815 ἡκεν.
476 1760 500 1806 6
530 1761 609 1818 μὲν
637 1761 884 1818 ποταμόνδε
913 1762 1089 1820 κατήϊεν
1118 1762 1165 1807 ἐκ
1195 1766 1337 1819 νομοῦ
1367 1762 1489 1818 ὕλης,

147 1883 182 1922 l,
206 1883 240 1923 2,
264 1883 341 1918 23.;
365 1886 524 1920 Sirenum
553 1898 651 1921 voces
676 1892 709 1922 et
733 1888 855 1922 Circae
883 1899 948 1932 po-

146 1929 228 1962 cula
251 1931 364 1973 nosti,
412 1933 508 1974 Quae
533 1934 564 1967 si
593 1946 668 1967 cum
701 1936 800 1967 sociis
823 1935 949 1968 stultus

145 1976 356 2021 cupidusque
387 1979 544 2020 bibisset,
581 1981 652 2014 Sub
683 1981 824 2014 domina
842 1992 951 2014 mere-

147 2023 236 2055 trice
253 2024 380 2066 suisset
415 2026 526 2069 turpis
557 2032 590 2060 et
630 2038 765 2068 excors,
804 2027 950 2060 tixisset

148 2069 244 2101 canis
277 2070 473 2104 immundus
499 2072 554 2105 vel
583 2074 695 2107 amica
717 2074 788 2106 luto
813 2084 882 2106 sus.
905 2093 950 2098 —-

149 2111 407 2160 αυδήεσσα.
449 2115 490 2160 ε’,
533 2117 610 2154 334.
636 2137 680 2142 -
721 2118 953 2162 ὀλοόφρο-

149 2173 244 2201 νος.
279 2161 327 2203 α’,
363 2165 419 2197 52.
465 2184 510 2190 -—
562 2163 953 2220 φαεσιμβρότου,

151 2208 260 2241 lucem
305 2187 514 2243 ‹J'stendentis
558 2212 771 2247 mortalibus.
819 2211 859 2244 ΙΙ.
903 2208 955 2251 ω’,

151 2255 255 2290 785.=
280 2251 359 2289 αλλ’
387 2253 448 2289 ότε
480 2255 526 2301 δή
553 2258 688 2302 δεκατη
714 2255 834 2302 ἐφάνη
860 2270 956 2302 φαε-

153 2300 351 2344 σίμβροτος
371 2297 457 2345 ηἰός.

200 2345 276 2389 140,
303 2347 380 2382 141.
427 2349 499 2382 Am.
523 2347 567 2387 Q.
589 2349 707 2383 etss..
733 2361 955 2393 κατηγαγ.

153 2391 214 2448 (γ’,
241 2373 315 2437 10.)
340 2391 472 2436 κατάγε
461 2395 569 2428 σθαί
595 2406 688 2437 φασι
715 2395 756 2432 τὸ
784 2394 859 2431 oin&
883 2397 956 2430 θα-

152 2437 284 2483 λάττης
309 2439 361 2479 εἰς
385 2438 511 2483 λιμένα
535 2437 669 2484 ἐλθεῖν,
696 2455 728 2475 κ.
750 2440 956 2486 ἀνάγεσθαι

152 2485 195 2521 τὸ
232 2483 437 2521 ἀνάπαλιν·
481 2487 636 2521 δοκοῦσι
663 2485 732 2532 γὰρ
763 2488 859 2523 κατὰ
891 2488 956 2530 τῆς

154 2529 267 2577 ἀκτῆς
291 2530 475 2576 ἔρχεσθαι.
493 2551 534 2557 -
561 2533 609 2566 E:
633 2531 955 2590 ναύλοχος(δ’,

155 2579 256 2619 846.)
278 2579 340 2613 καὶ
365 2579 433 2612 νῦν
456 2578 599 2622 λιμὴν
625 2577 644 2613 6
669 2583 760 2622 ναῦς
785 2583 956 2637 κοιμίζων

156 2638 206 2664 ως
229 2623 290 2660 ἐπὶ
325 2623 469 2669 λέχους,
503 2624 524 2668 ἢ
559 2624 730 2667 κρύπτων
763 2627 866 2670 παρὰ
890 2626 957 2661 τὸν

155 2670 280 2736 λόχον.
327 2671 533 2705 deteriorem
552 2673 725 2716 amflexus
750 2674 956 2708 notationem

156 2719 244 2762 Ap..
279 2716 476 2761 ναύλοχον,
500 2713 649 2759 εὔδιον,
685 2718 723 2753 ἐν
748 2733 774 2764 ῳ
803 2720 842 2754 αἱ
867 2720 959 2758 ναῦς

156 2765 314 2852 ἐοχῙαέἕ,
347 2764 406 2797 ubi
439 2763 571 2798 Villois.
603 2743 762 2800 laudavit?
786 2765 958 2801 Pollucem

206 2856 285 2896 142,
309 2856 343 2890 3.
387 2852 428 2896 ι’,
452 2854 508 2894 74,
535 2855 592 2890 75.

207 2899 285 2935 144.
363 2880 481 2940 ‚3'9o.

209 2947 315 2982 145-
326 2913 402 2981 147.
449 2944 717 2991 φάσγανον.
752 2948 792 2982 ῙΙ.
819 2945 866 2991 α’,
885 2950 964 2984 190.

160 3011 205 3017 -
230 2990 419 3038 άνήϊον,
461 2995 610 3028 ascendi.
668 2992 756 3038 274,
791 2994 870 3030 446.
918 2994 963 3029 cf.

529 360 783 432 ἐκγεγάτην
813 363 1141 432 φαεσιμβρότου
1167 361 1367 413 Ἠελίοιο,

311 415 473 469 μητρός
501 415 540 459 τ’
570 418 617 460 ἐκ
642 418 838 487 Πέρσης,
872 420 951 474 τὴν
979 418 1185 469 Ὠκεανὸς
1213 419 1308 462 τέκε
1335 419 1486 462 παῖδα.

204 469 284 513 140
315 470 426 513 ἔνθα
455 471 499 515 δ’
527 472 595 516 ἐπ’
626 472 756 528 ἀκτῆς
786 476 861 530 νηϊ
888 474 1250 543 κατηγαγόμεσθα
1280 479 1421 543 σιωπῇ

310 526 539 601 ναύλοχον
559 532 602 580 ἐς
631 531 803 583 λιμένα,
833 533 907 574 καί
935 547 1000 582 τις
1028 531 1133 581 θεὸς
1161 530 1436 600 ἡγεμόνευεν.

537 641 652 699 ὁμοῦ
681 643 861 701 καμάτῳ
891 660 936 688 τε
963 646 1036 688 καὶ
1066 643 1213 700 ἄλγεσι
1241 642 1392 700 θυμόν
1420 645 1602 696 ἔδοντες,

988 586 1133 659 ἤματα
1162 589 1235 631 καὶ
1266 587 1348 630 δύο
1378 587 1538 638 νύκτας

996 1889 1075 1924 159.
1092 1884 1426 1931 -περιωπήν,
1460 1885 1502 1921 11.
1528 1884 1571 1930 ξ’,
1595 1887 1629 1927 8,
1652 1884 1707 1929 ψ’,
1723 1886 1805 1922 451.

994 1935 1048 1969 E:
1083 1934 1284 1992 περιωπήν
1316 1933 1379 1969 καὶ
1417 1933 1578 1987 ‹vnqmo'cv
1610 1933 1726 1968 εἰπεῖν
1758 1935 1801 1968 τό

997 1978 1092 2014 αὐτό
1117 1979 1227 2015 ἐστιν.
1252 2000 1295 2006 -·
1331 1976 1528 2024 ἐνοπήν.
1554 1979 1593 2013 ΙΙ.
1617 1978 1662 2034 γ’,
1685 1981 1708 2014 2
1733 1984 1801 2014 etc.

997 2028 1102 2066 B.:‚
1106 2027 1165 2069 ,sit
1189 2038 1252 2072 pro
1277 2026 1408 2060 scholio
1433 2037 1553 2059 versus
1577 2025 1803 2070 epigramma-

999 2073 1044 2106 fis
1070 2073 1207 2108 Anthol.
1232 2073 1294 2113 XI,
1318 2073 1410 2108 338:
1444 2070 1514 2116 τὴν
1542 2071 1674 2115 φωνήν
1705 2070 1804 2106 ἐνο-
1837 2074 1839 2078 ’

1000 2118 1094 2162 πήτ
1122 2118 1159 2153 σὲ
1184 2117 1299 2163 λέγειν
1323 2118 1491 2161 ἐδίδαξεν
1505 2114 1711 2162 ‘'‘Offlnqosf

1049 2165 1126 2199 148.
1174 2167 1231 2201 97.
1266 2165 1312 2198 cf.
1338 2162 1415 2199 194.
1834 2188 1836 2190 ·

1048 2212 1159 2245 149—
1164 2213 1242 2246 160.
1282 2208 1466 2250 καπνός
1490 2207 1583 2244 ἀπὸ
1609 2206 1804 2266 χθονός.

1000 2269 1035 2291 v.
1062 2258 1138 2291 121.
1164 2278 1211 2283 -
1243 2255 1488 2311 εὐρυοδμγ
1542 2254 1622 2291 453.
1646 2275 1691 2280 -
1725 2253 1804 2291 διὰ

1002 2300 1196 2347 -ῧλην,
1235 2304 1314 2343 197,
1338 2302 1379 2336 ΙΙ.
1405 2300 1447 2342 λ’,
1467 2269 1551 2337 118.
1576 2321 1623 2326 -
1658 2302 1711 2335 E:
1736 2302 1806 2337 αἴ-

1001 2350 1101 2404 θοψ
1125 2349 1308 2388 καπνός
1331 2346 1350 2382 ὁ
1376 2347 1415 2383 ἐκ
1438 2349 1507 2382 τοῦ
1523 2347 1706 2382 ammenti
1722 2361 1806 2383 τινα

1000 2391 1095 2439 ν’λην
1129 2393 1414 2435 ἆναδιδόμενος.
1469 2393 1662 2428 Aristarchi
1696 2393 1806 2428 inter-

1001 2440 1162 2486 pretatio,
1187 2445 1224 2474 ut
1249 2447 1368 2475 narrat
1393 2443 1465 2475 Am.
1491 2441 1536 2481 Q.
1553 2441 1636 2494 Ap.
1654 2441 1805 2476 emend.=
1832 2464 1833 2470 ,

1003 2487 1195 2522 αἴθοπα
1221 2485 1371 2521 οἶνον.
1395 2487 1451 2530 (v.
1470 2486 1509 2520 11.
1529 2482 1575 2527 α’,
1597 2487 1699 2530 462.)
1720 2484 1805 2531 ἤτοι

1001 2532 1069 2568 τὸν
1113 2532 1224 2575 φύσει
1269 2532 1434 2575 θερμόν·
1484 2531 1611 2566 αἴθειν
1645 2532 1714 2577 γὰρ
1758 2532 1802 2568 τὸ

1000 2580 1131 2614 καίειν.
1171 2577 1195 2624 ἢ
1217 2577 1285 2613 τὸν
1307 2579 1470 2622 μέλανα,
1495 2574 1544 2618 ὦς
1573 2575 1806 2620 Ηλιόδωρος.

1003 2624 1026 2670 ἢ
1060 2625 1126 2660 τὸν
1151 2625 1317 2668 λαμπρὸν
1342 2623 1437 2660 κατὰ
1473 2624 1646 2667 δύναμιν.
1695 2624 1805 2659 inter-

1003 2676 1139 2718 pretes:
1163 2679 1278 2706 atrum
1297 2674 1458 2715 fumum,
1493 2671 1662 2706 dunkelen
1682 2672 1803 2707 much.

1005 2718 1197 2761 Aeschylus
1219 2719 1341 2764 Suppl
1366 2719 1465 2754 698.·
1497 2717 1607 2759 μέλας
1628 2718 1805 2774 γενοίμαν

1004 2765 1155 2804 καπνός.
1188 2782 1232 2790 --
1281 2762 1604 2800 ὧδε-εἶναι.
1666 2762 1704 2806 ε’,
1737 2764 1806 2800 474

1007 2815 1072 2844 etc.
1107 2830 1150 2836 —
1205 2812 1382 2854 πρῶτα,
1423 2811 1584 2856 primum,
1618 2811 1727 2867 prius.
1760 2829 1806 2835 —

1009 2901 1127 2946 ἤγουν
1156 2907 1352 2946 προεῖναι,
1390 2902 1620 2947 προπέμψαι.

1012 2947 1126 2984 ὁδὸν
1147 2948 1304 2993 αὐτὴν,
1324 2950 1593 3006 ιἠυἰαπιίρεαηι,
1609 2960 1715 2992 germ.
1724 2930 1834 2995 ἔτη-4

1015 2995 1112 3030 dein
1126 2997 1192 3031 deu
1207 2998 1310 3044 lVerr
1335 3009 1367 3031 v·
1379 2993 1413 3038 ι’,
1423 2997 1501 3032 393.
1513 3015 1558 3022 -
1583 2994 1629 3031 ἐκ
1654 2997 1828 3040 νομοῦ,
