1856 3282
63 669 154 699 rum,
188 669 276 703 quae
315 659 464 694 carmine
496 659 694 700 celebrent,
729 657 790 692 sed
815 657 875 692 Jo-

63 716 157 745 vem,
185 705 259 760 qui
276 716 318 739 ea
343 717 416 750 pro
438 705 549 739 lubitu
572 705 709 748 infligat
733 704 876 738 homini-

63 752 138 786 bus.
159 750 209 783 Ε·
235 747 320 786 ἀντι
339 753 408 786 τοῦ
428 747 474 786 ού
489 754 627 785 κεῖνται
648 749 722 786 ὑπὸ
745 752 873 784 αἰτίω-

64 808 122 831 σιν
148 796 184 831 οἱ
209 795 349 839 ἀοιδοὶ,
374 795 442 839 τὰς
465 798 701 855 ὃυσπραγίας
719 797 793 830 τῶν
809 794 872 829 ἀν-

62 841 230 886 θρώπων
262 842 425 897 ᾅδοντες.
459 855 503 878 ου
537 844 607 889 γαρ
641 841 737 878 διότι
761 841 870 877 αυτοὶ

64 887 223 944 ᾅδουσι,
257 878 322 926 6102
352 889 466 925 τοῦτο
491 890 646 925 τοιοῖσδε
679 888 814 942 ἀπέβη
823 886 871 923 τοὶ

62 934 260 980 πράγματα
296 942 362 970 etc.
407 947 480 969 eam
512 937 630 970 horum
667 934 871 970 sententiam

63 992 161 1023 esse,
197 987 232 1016 et
260 982 297 1016 N
320 982 510 1024 intellexit,
542 987 577 1016 et
602 982 697 1027 prior
721 982 787 1022 CL,
813 981 871 1025 qui

62 1027 315 1074 comparaverit
348 1028 418 1061 ista
444 1028 579 1071 Virgilii
604 1029 689 1062 Aen.
714 1029 749 1071 2,
774 1029 873 1062 601..

62 1085 132 1107 mm
153 1074 219 1108 tibi
240 1074 449 1117 Tyndaridis
466 1076 580 1115 facies
603 1075 715 1107 invisa
743 1074 873 1106 Lacae-

62 1131 150 1161 nae,
196 1120 406 1163 culpatusve
456 1119 577 1164 Paris,
625 1121 774 1154 divom
809 1122 874 1153 iu-

64 1167 341 1208 clementia,
378 1166 552 1208 divom,
586 1167 680 1199 Has
711 1168 876 1200 evertit

63 1223 178 1254 opes.
211 1222 330 1257 parum
354 1218 429 1252 est,
461 1213 553 1256 quod
578 1212 722 1246 Vossius
745 1211 873 1256 aliique

63 1257 188 1291 dictum
214 1262 358 1302 putant,
390 1268 456 1291 non
490 1258 582 1303 ipsos
608 1261 729 1304 poiitas
755 1263 791 1290 et
814 1269 871 1291 ar-

62 1303 175 1337 tifices
209 1304 364 1348 reperire
405 1303 490 1342 ill,a
533 1315 621 1348 quae
655 1308 779 1337 canant
812 1307 873 1337 aut

66 1350 298 1392 fabricentur,
331 1349 392 1382 sed
414 1349 513 1383 Jovis
537 1350 658 1383 afflatu
683 1360 800 1403 agere.
826 1368 871 1373 —

64 1395 114 1428 Ε.
149 1414 191 1420 -
216 1393 459 1440 ἀλφησταὶ
492 1397 627 1436 κοιναῖς
661 1395 696 1430 οἳ
721 1394 869 1439 ἅνθρω-

62 1453 149 1481 ποι,
173 1439 226 1481 ὥς
247 1439 475 1486 ἐφευρετικοὶ
500 1455 531 1476 κ.
558 1441 786 1495 ἐπινοητικοὶ
810 1453 868 1476 τε-

62 1488 173 1545 χνῶν
180 1498 244 1528 τε,
266 1501 298 1523 κ.
321 1487 526 1548 μηχανῶν,
534 1500 566 1521 κ.
590 1485 868 1544 βουλευμάτων,

61 1546 94 1567 κ.
118 1531 271 1577 ἑτέρων,
307 1532 360 1569 ὧν
392 1535 472 1573 τοῖς
503 1531 652 1588 ἀλόγοις
680 1532 728 1568 ου’
765 1534 867 1576 μέτε-

61 1590 152 1613 στιν.
186 1579 294 1623 ἀλφιὸ
327 1578 397 1634 γὰρ
418 1578 460 1614 τὸ
485 1576 659 1623 ευρίσκω,
691 1578 730 1636 ἐξ
754 1577 800 1615 οὗ
823 1579 866 1615 vd

60 1623 258 1669 ἀλφαίνειν
289 1626 547 1681 παράγωγον,
566 1627 630 1661 καὶ
661 1623 705 1660 τό
739 1629 866 1668 τιμαλ-

61 1675 158 1716 φεῖν,
180 1670 279 1707 κ.τό
300 1672 492 1729 τιμαλφές.
518 1685 567 1713 ως
587 1671 701 1708 δὲκαὶ
719 1671 866 1718 ἰχθύων

45 1718 182 1762 τὸνομα
216 1718 253 1753 οὶ
287 1716 471 1777 ἀλφησταὶ
503 1720 562 1762 (v.
595 1720 699 1752 Schn.
731 1720 764 1753 h.
790 1721 865 1763 w),

60 1764 260 1810 ἱστόρηται.
284 1785 329 1792 -
354 1764 483 1805 ’ὅπως
514 1764 776 1811 ἐθέλῃσιν
762 1765 865 1801 εκά-

60 1823 161 1868 οτῳ,
194 1811 300 1847 intell.
335 1825 355 1846 e
385 1811 561 1869 proximo³
572 1813 734 1848 διὸόναι.
767 1823 799 1846 v,
824 1812 865 1845 H.

59 1857 105 1900 τ’,
126 1848 209 1899 ⁹261,
234 1855 294 1902 φ’,
317 1860 393 1894 162.
427 1877 473 1883 -
508 1856 561 1894 ου’
586 1859 790 1902 νέμεσις.
817 1870 863 1893 ου

0 1909 3 1912 ’
59 1903 278 1949 νεμεσητὸν,
312 1902 359 1941 ού
396 1903 544 1949 μέμψις.
576 1917 608 1941 v,
642 1917 720 1939 ann.
754 1905 798 1939 ad
822 1904 863 1938 ΙΙ.

103 1952 216 1992 ,.156
249 1968 295 1975 -
328 1951 380 1985 E:
411 1950 568 1986 κακὸν
611 1949 762 1987 οἶτον.
795 1948 866 1995 (γ’,

64 1997 143 2040 134,
166 1997 206 2031 ΙΙ.
229 1995 274 2042 γ’,
298 1995 367 2033 417
384 1999 470 2043 etc.)
507 1996 625 2044 ἤγουν
649 1996 718 2044 τήν
736 1995 866 2042 Ελλη-

60 2056 166 2087 νικην
185 2046 420 2088 κακοτυχίαν.

104 2090 186 2132 351,
216 2091 295 2126 352.
344 2094 554 2135 usurparunt
586 2090 671 2124 haec
710 2093 797 2124 vett.
830 2088 865 2123 in

60 2136 160 2170 seriis
198 2135 366 2181 jocisque.
411 2148 445 2172 V.
493 2137 672 2171 Fabricius
710 2147 789 2170 ann.
823 2136 866 2169 ad

58 2182 158 2216 Sext.
196 2183 330 2227 Empir.
374 2183 397 2216 l.
444 2182 523 2217 adv.
567 2183 679 2216 Math.
718 2185 762 2223 1,
786 2182 866 2216 204.

59 2228 159 2262 Plato
184 2230 310 2264 Πολιτ.
334 2227 368 2263 4.
431 2228 542 2265 ,424
569 2230 608 2263 Β.
644 2229 773 2262 refellit
791 2239 864 2271 eos,

57 2274 118 2318 qui
154 2273 206 2308 his
240 2274 337 2309 abusi
371 2241 498 2309 nogent
526 2275 560 2308 in
586 2275 694 2309 modis
717 2274 865 2315 musicis,

59 2324 99 2352 ut
123 2319 159 2353 N
183 2321 370 2356 annotavit.
394 2321 428 2377 Ει
451 2321 535 2355 haec
549 2321 774 2377 adscripsit·
806 2317 863 2356 ὅτι

58 2368 247 2409 γνωμικῶς
277 2367 368 2411 λέγει
391 2366 434 2402 τὸ
466 2366 650 2412 ταύτην
683 2364 863 2410 ἀοιδὴν

58 2412 242 2468 μᾶλλον
284 2411 628 2449 ἐπικλείουσιν
681 2411 863 2455 ἅνθρω-

58 2469 140 2491 ποι
159 2481 170 2497 ,
215 2471 323 2501 ητις
344 2479 391 2484 -
421 2457 531 2503 ἀμφ.
562 2457 796 2518 ⁷101<³⁰13⁵JW⁴⁰2
820 2458 862 2495 δὲ

59 2505 131 2538 τοῦ
144 2502 261 2559 λόγου
282 2504 344 2540 καὶ
369 2505 582 2562 Ἀθηναῖοι,
616 2506 673 2546 οἷς
692 2505 750 2541 ἀεὶ
773 2505 862 2549 ἐφε-

57 2561 114 2589 οις
135 2543 182 2594 ἦν
214 2550 343 2587 καινόν
372 2565 408 2586 τι
440 2550 603 2609 ἀκούειν.
626 2573 667 2578 -
693 2551 862 2608 ἐνταῦθα

56 2593 98 2631 65
128 2595 310 2640 χρήσιμον
340 2597 402 2632 καὶ
433 2599 475 2634 τό
509 2598 712 2658 Πινδάρου
728 2598 770 2633 τὸ
795 2599 861 2633 αἴ-

55 2653 126 2677 νει
156 2641 364 2678 παλαιὸν
392 2643 476 2687 μὲν
508 2650 672 2687 οἱνον,
697 2643 860 2681 ἄνθεα

55 2686 96 2723 δ’
127 2685 297 2732 ὕμνων
329 2690 594 2749 νεωτέρων.
619 2671 698 2736 (0⁹1.
722 2693 757 2734 8,
780 2693 858 2735 73.)

53 2733 200 2770 ἐπαινεῖ
227 2737 297 2781 γὰρ
330 2736 393 2770 και
416 2735 571 2779 ἐκεῖνος,
606 2737 625 2774 6
651 2751 746 2772 κατα
770 2736 860 2779 τοὺς

52 2781 235 2824 παλαιοῦς
264 2783 635 2827 μεγαλοφωνότατος,
667 2783 738 2829 τήν
768 2796 859 2819 νεω-

52 2826 169 2884 tinne
202 2826 350 2874 ἀοιδήν.
406 2828 599 2887 Εὔβουλος
626 2829 687 2871 65,
729 2832 859 2875 φασὶν,

37 2869 74 2910 ’ὅ
106 2875 306 2918 Κωμικός,
338 2873 423 2911 ἀντὶ
454 2877 542 2916 νεᾶς
575 2873 707 2921 ἀοιδῆς
737 2877 858 2933 ἄνδρα

51 2923 307 2980 μπαλσβων,
337 2925 458 2964 παίζει
490 2935 627 2963 ουτως·
662 2923 856 2959 ἄτοπόν

49 2977 98 3012 γε
138 2966 220 3004 τόν
259 2967 342 3014 μὲν
383 2969 523 3007 οἶνον
562 2967 855 3013 εὐδοκιμεῖν

552 107 1136 150 ΟΔΤΣΣΕῙΑΣ
1194 112 1245 146 Α.

1672 106 1728 146 37

239 219 317 272 τὴν
344 220 428 288 γάρ
460 216 620 272 ἀοιδὴν
648 221 817 286 μᾶλλον
845 213 1115 259 ἐπικλείουσ’
1147 212 1392 267 ἄνθρωποι,

237 274 329 329 ἣτις
357 273 645 318 ἀκουόντεσσι
675 272 868 327 νεωτάτη
896 271 1211 342 ἀμφιπέληται.

205 372 209 373 τ
235 331 308 400 σο).
337 329 388 374 δ’
418 329 689 385 ἐπιτολμάτω
719 331 879 390 κραδίη
909 329 979 371 καὶ
1011 326 1156 397 θυμός
1185 325 1388 369 ἀκούειν·

237 386 292 429 οὐ
322 404 407 441 γαρ
432 386 668 436 Ὀδυσσεὺς
697 391 792 436 οἰος
817 383 1013 428 ἀπώλεσε
1041 384 1253 437 νόστιμον
1281 383 1399 436 ἦμαρ

129 445 210 488 355
241 442 288 485 ἐν
316 445 474 515 Τροίῃ,
487 445 660 515 ῗπολλοὶ
689 443 736 485 δὲ
764 442 838 485 καὶ
868 441 992 484 ἄλλοι
1021 444 1163 494 φῶτες
1193 438 1363 481 ὄλοντο.

239 497 336 544 ἀλλ’
366 502 428 552 εἰς
457 498 582 544 οἶκον
614 501 746 544 ἰοῦσα
778 497 832 542 τὰ
864 496 909 542 σ’
942 495 1075 553 αὐτῆς
1103 497 1208 552 ἔργα
1235 495 1392 550 κόμιζε,

922 669 1048 699 παρα
1088 657 1203 696 Ταῖς
1234 653 1460 698 ἑταίραις
1484 649 1606 693 (scrib.
1634 650 1723 682 Ταῖ-

921 705 980 737 σίν
1003 702 1040 747 γ’
1075 702 1149 745 ἑτ.)
1184 701 1264 736 τὸν
1295 699 1530 736 παλαιὸν,
1570 694 1724 737 ἄνδρα

921 747 971 784 65
998 748 1076 802 Μή
1112 748 1192 784 τόν
1228 744 1461 786 παλαιὸν,
1498 738 1724 778 ἀλλατὸν

918 794 1167 836 νεώτερον.
1223 793 1362 837 λέγεται
1405 790 1445 826 65
1488 788 1549 822 καὶ
1587 783 1725 829 ’Ἄλεξις

917 840 1045 884 σχεδόν
1069 854 1104 875 τι
1129 837 1418 882 ἀπαραλλάκτως
1443 833 1542 873 οὕτω
1565 832 1721 877 γράψαι.

914 889 975 922 καὶ
1006 888 1195 941 Τιμόθηεος
1225 885 1290 927 65,
1329 896 1407 928 φασ
1424 897 1465 924 ν,
1489 880 1508 916 6
1541 880 1723 935 Μιλήσιος

916 932 1053 987 γράφει
1087 929 1225 973 οὕτως·
1264 929 1349 967 ούκ
1381 930 1532 966 ἀείδω
1561 924 1614 961 τοὶ
1644 941 1723 960 πα-

918 979 1048 1014 λαιά·
1095 977 1237 1013 καινοὶ
1279 976 1370 1024 γὰρ
1420 976 1630 1028 κρείσσω.
1665 972 1722 1015 (si

919 1026 1105 1060 scribemus
1128 1022 1232 1071 ᾄδω,
1256 1035 1377 1058 versus
1401 1023 1458 1057 hic
1479 1019 1548 1055 erit
1575 1030 1720 1062 asynar-

921 1078 1035 1114 tetus,
1071 1079 1233 1106 constans
1260 1083 1303 1104 ex
1329 1071 1556 1121 pherecrateo
1588 1072 1625 1098 et
1647 1076 1721 1097 cre-

920 1119 989 1152 tico
1001 1118 1080 1151 dim.
1096 1123 1176 1156 cat.
1201 1117 1312 1161 qualis
1330 1122 1383 1150 est
1400 1113 1592 1157 Antigonae
1613 1111 1720 1155 Soph.

923 1166 1003 1200 δ92.
1039 1168 1228 1208 sequuntur
1252 1165 1274 1197 2
1308 1161 1410 1195 ionici
1436 1172 1456 1194 a
1480 1158 1578 1202 min.)
1604 1158 1671 1192 Νε
1681 1170 1722 1195 ος

919 1210 938 1245 6
979 1209 1097 1249 Ζεύς
1126 1208 1391 1263 βασιλεύει·
1426 1205 1479 1242 τὸ
1517 1203 1722 1238 παλαιὸν

919 1255 956 1291 δ’
981 1252 1038 1300 ἦν
1070 1255 1254 1298 Κρόνος
1281 1251 1444 1298 ἅρχων.
1471 1247 1628 1307 ((ΙεΙεδ’
1646 1252 1720 1293 η’ν.)

915 1300 1078 1337 Ἀπίτω
1111 1313 1267 1347 μουσα
1290 1298 1483 1334 παλαια
1515 1295 1556 1330 τό
1583 1294 1625 1330 δ’
1652 1295 1719 1330 αὐ-

917 1347 959 1383 τὸ
984 1350 1045 1383 καὶ
1067 1346 1125 1384 ἐπὶ
1148 1348 1287 1382 καινῶν
1311 1342 1579 1402 ἐγχειρημάτων
1610 1341 1719 1400 ἐγνω-

915 1394 1098 1450 ματεύθη.
1143 1394 1235 1439 φησὶ
1274 1394 1365 1436 γοῦν
1397 1389 1639 1434 Ἀντιφάνης·
1669 1387 1720 1424 ἓν

912 1440 1084 1476 καινὸν
1120 1441 1398 1486 ἐγχείρημα,
1431 1450 1525 1472 καν
1556 1438 1718 1479 τολμη-

914 1485 1001 1530 ρὸν
1041 1481 1090 1533 ᾖ,
1110 1487 1320 1522 Πολλῶν
1360 1484 1575 1519 παλαιοῖν
1619 1481 1719 1516 ἐστι

913 1533 1028 1577 (male
1060 1533 1159 1567 iibri:
1195 1532 1271 1567 ἐστι
1294 1532 1410 1572 παλ.)
1433 1541 1718 1587 χρησιμωτε-

912 1591 1011 1620 ρον.
1044 1583 1209 1614 συντελεῖ
1239 1577 1280 1612 δέ
1313 1590 1348 1611 τι
1377 1575 1546 1611 ἐνταῦθα
1580 1575 1641 1609 καὶ
1675 1575 1716 1610 τό

912 1626 936 1670 ἢ
961 1627 1089 1669 δραῖν
1122 1640 1169 1661 τι
1211 1625 1397 1668 φαίνου
1430 1618 1608 1657 καινόν
1638 1635 1717 1657 πα-

913 1672 970 1715 ροὶ
1004 1671 1120 1711 τοὺς
1161 1671 1462 1724 ἔμπροσθεν)
1498 1665 1519 1712 ἢ
1558 1667 1620 1712 μή
1661 1681 1719 1711 με

910 1718 1066 1754 κόπτε.
1104 1719 1214 1761 (haud
1240 1718 1358 1761 inepte
1381 1714 1585 1760 scripseris,
1616 1714 1718 1748 resti-

911 1773 987 1800 tuto
1021 1765 1156 1798 senario
1189 1771 1224 1797 et
1249 1763 1407 1795 dimidio·
1433 1762 1464 1817 ἤ
1485 1763 1540 1804 δρ.
1565 1773 1651 1794 τινα
1675 1774 1715 1804 φ.

910 1811 1020 1846 καινοὶ
1046 1811 1149 1852 παρὰ
1173 1807 1436 1853 τάμπρόσθια,
1453 1804 1506 1842 Ἠ
1527 1812 1594 1842 etc.
1615 1807 1717 1850 παρὰ

910 1872 956 1892 τα
981 1856 1216 1901 ἐμπρόσθια,
1247 1861 1388 1901 praeter
1419 1855 1502 1894 illa,
1534 1855 1715 1898 quaejam

911 1910 993 1938 ante
1016 1905 1153 1947 fecisti,
1189 1913 1262 1937 cum
1296 1913 1349 1936 me
1380 1900 1629 1934 deverberasti.
1635 1901 1650 1943 )
1671 1902 1715 1952 τῇ

913 1950 954 1985 65
986 1947 1168 2006 Ομηρικῇ
1199 1948 1327 1995 ἐννοίᾳ
1367 1946 1567 1991 σύμφωνος
1597 1948 1657 1981 καὶ
1692 1953 1715 1990 ἠ

912 2010 1007 2032 κατα
1043 1997 1110 2031 τὸν
1157 1985 1344 2051 Εὔπολιν,
1386 1992 1562 2034 εἰπόντα,
1600 1990 1650 2033 ὦς
1692 1992 1716 2038 ἡ

911 2041 1117 2088 μουσικὴ
1158 2038 1338 2100 πρᾶγμ’
1373 2040 1471 2076 ἐστι
1507 2041 1644 2096 βαθυ,
1669 2053 1715 2074 τι

913 2091 1129 2146 (tollendum
1143 2090 1212 2133 τί.)
1236 2088 1311 2123 καὶ
1342 2085 1610 2132 καμπύλον,
1635 2084 1717 2122 'Asi

912 2149 960 2171 τε
991 2134 1166 2171 καινὸν
1207 2133 1487 2178 ἐξευρίσκει
1519 2146 1562 2166 τι
1594 2133 1714 2176 (etiam

914 2184 1022 2216 verba
1045 2181 1093 2226 ἐξ.
1120 2195 1156 2217 τι
1180 2182 1327 2216 delenda
1350 2182 1461 2236 sunt.)
1487 2182 1593 2218 τοῖς
1623 2177 1715 2213 ἐπι-

912 2233 1051 2263 νοεῖν
1092 2226 1398 2270 δυναμένοις.
1451 2223 1634 2269 Ἀναξίλας
1673 2225 1714 2260 65

911 2274 930 2311 6
959 2276 1149 2319 Κωμικὸς,
1177 2271 1395 2332 υἶτοπαίζων
1425 2271 1520 2316 πρὸς
1540 2270 1713 2317 ὁμοιότη-

910 2335 956 2356 τα
993 2322 1152 2363 τούτου,
1197 2320 1294 2365 ἔφη,
1336 2333 1392 2356 οτι
1437 2318 1460 2363 ἡ
1507 2318 1713 2363 μουσικὴ

912 2366 1070 2424 ω’σπερ
1122 2366 1282 2423 Λιβύη
1325 2364 1401 2401 ἀεί
1448 2379 1494 2400 τι
1535 2364 1713 2401 καινόν

908 2427 998 2449 κατ
1053 2412 1292 2451 ἐνιαυτόν
1324 2416 1475 2447 τίκτει
1521 2413 1712 2455 θηρίον.

908 2461 1122 2504 (restitueris
1144 2460 1296 2494 senarios
1313 2459 1362 2493 ita
1378 2458 1578 2492 scribendo·
1600 2458 1712 2493 τίκτει

907 2506 999 2551 γὰρ,
1031 2519 1153 2550 ωσπερ
1179 2504 1202 2550 ἡ
1227 2504 1351 2564 Λιβύη
1392 2504 1431 2550 γ’
1443 2530 1452 2547 ,
1498 2501 1520 2547 ἡ
1552 2505 1712 2559 μουσικὴ

903 2553 974 2588 'Asa‘
997 2567 1032 2587 τι
1055 2551 1186 2589 καινὸν
1210 2565 1279 2587 κατ
1335 2551 1383 2586 ἐν
1412 2552 1519 2593 θηρ)
1544 2547 1710 2585 {nonai-

906 2602 981 2642 ζειν
1012 2598 1051 2635 65
1085 2595 1197 2639 οὗτος
1226 2597 1382 2642 ἐῤῥέθη,
1416 2595 1543 2640 {necor}
1571 2594 1615 2631 οὗ
1643 2611 1709 2632 κα-

906 2648 1037 2701 θαρῶς
1068 2644 1213 2682 ἐπαινεῖ
1246 2658 1312 2685 τας
1343 2643 1392 2684 ὡς
1427 2641 1594 2678 ἑκαστοτε
1626 2643 1710 2683 νέας

905 2690 1057 2734 ἀοιδας,
1092 2691 1183 2726 ἀλλα
1217 2690 1280 2726 διὰ
1316 2689 1358 2725 τὸ
1395 2686 1551 2734 ἐργῶδες
1575 2688 1626 2730 οἱς
1658 2692 1710 2730 εἰς

904 2742 1045 2783 θηρίου
1080 2736 1211 2782 ἀνάγει
1244 2737 1285 2772 τό
1320 2737 1472 2780 nodum
1508 2734 1643 2771 εἰκόνα.
1664 2756 1710 2762 -

902 2789 1106 2830 μᾶλλον,
1129 2785 1265 2839 magis,
1292 2785 1405 2825 potius
1441 2795 1472 2815 v.
1499 2793 1576 2816 ann.
1600 2784 1642 2816 ad
1671 2783 1707 2816 ΙΙ

903 2830 948 2888 β’,
974 2834 1030 2867 81.
1054 2851 1099 2856 -
1125 2834 1208 2875 Apa
1232 2827 1585 2885 ἀμφιπέληται.
1610 2842 1708 2873 περι-

901 2877 1050 2924 γένηται
1073 2877 1134 2911 καὶ
1158 2876 1436 2919 συντελεσθείη·
1461 2873 1485 2920 ἤ
1499 2889 1540 2909 τι
1555 2888 1572 2914 ς
1594 2881 1662 2908 etc.

947 2924 1143 2959 356-359.
1193 2934 1340 2957 οικον.
1371 2926 1478 2956 totum
1511 2933 1573 2966 pro
1610 2927 1707 2965 parte

902 2970 1000 3005 dixit
1027 2966 1076 3010 ὡς
1091 2966 1258 3014 ’Όμηρος
1281 2969 1345 3005 τὸν
1369 2966 1506 3004 οἶκον
1527 2967 1615 3004 ποτὶ
1639 2966 1705 3011 μὲν
