1856 3282
202 115 259 155 96
828 109 1222 153 ΟΜΗΡΟΥ

368 218 464 263 ἀλλ’
494 235 562 263 οτε
590 218 642 275 δὴ
670 219 800 276 μῆνές
827 235 872 262 τε
899 219 971 263 καὶ
999 217 1153 292 ἡμέραι
1181 219 1455 280 ἐξετελεῦντο,

366 275 429 327 ἂψ
458 277 812 345 περιτελλομένου
841 276 978 326 ε’τεος,
1010 276 1084 319 καὶ
1111 276 1332 333 ἐπήλυθον
1360 281 1486 333 ὧραι,

255 333 337 375 295
365 332 438 375 καὶ
465 330 560 375 τότε
589 331 655 402 δή
673 349 748 403 μιν
776 333 898 375 ε’λυσε
927 334 999 388 βίη
1026 330 1268 404 Ἰφικληείη,

364 388 565 444 θέσφατα
594 387 723 432 πάντ’
753 388 950 432 εἰπόντα·
980 388 1090 440 Διὸς
1119 389 1164 433 δ’
1190 389 1388 433 ἐτελείετο
1416 388 1566 446 βουλή.

411 487 548 533 Ledae,
571 489 806 535 Iphimedeae,
829 489 1002 526 Phaedrae
1027 495 1062 525 et
1085 490 1226 525 aliarum
1249 491 1548 526 innumerabilium.

438 555 527 599 Καὶ
554 556 704 627 Λήδην
733 556 871 610 εἶδον,
900 557 979 613 τὴν
1012 558 1265 611 Τυνδαρέου
1292 557 1562 612 παράκοιτιν,

361 609 390 665 ἥ
420 610 465 666 ῥ’
493 611 579 656 υπὸ
615 613 848 683 Τυνδαρέῳ
876 614 1199 669 κρατερόφρονε
1226 615 1396 668 γείνατο
1425 616 1565 668 παῖδε,

361 667 568 738 Κάστορά
595 667 649 712 θ’
682 671 952 725 ἱππόδαμον,
981 670 1054 714 καὶ
1081 671 1163 722 πὺξ
1194 668 1365 731 ἀγαθόν
1395 669 1687 724 Πολυδεύκεα,

252 727 333 767 300
365 739 471 774 τους
498 724 630 780 α’μφω
661 726 796 778 ζωούς
823 726 989 796 κατέχει
1017 729 1226 782 φυσίζοος
1256 732 1354 771 αἰα·

312 785 332 806 *
363 782 407 822 οι
434 781 506 823 καὶ
533 783 689 835 νέρθεν
716 787 808 854 γῆς
821 781 948 852 τιμὴν
974 783 1083 836 πρὸς
1113 783 1256 853 Ζηνός
1287 783 1453 855 ἔχοντες

361 833 511 879 ἄλλοτε
538 837 617 891 μὲν
648 837 808 890 ζώουσ’
838 838 1100 894 ετερήμεροι,
1132 838 1282 882 α’λλοτε
1312 838 1353 882 δ’
1385 843 1487 883 αὐτε

358 895 583 934 τεθνᾶσιν·
613 893 742 964 τιμήν
769 893 814 937 δε
841 895 1090 968 λελόγχασιν
1121 893 1191 938 ἶσα
1219 901 1374 938 θεοῖσι.

440 946 532 1004 Την
559 947 606 991 δὲ
633 948 725 1005 μέτ’
752 948 1037 1007 Ἰφιμέδειαν,
1062 950 1245 1009 Ἀλωῆος
1272 951 1547 1007 παράκοιτιν,

190 1090 242 1131 εἰς
262 1088 392 1136 γάμον.
426 1088 513 1134 ἐξ
489 1105 533 1137 ης
553 1094 726 1148 γεννᾶται
750 1096 917 1153 Νηλεύς,
950 1109 984 1132 u.

188 1136 370 1193 αὐξηθεὶς
394 1135 522 1182 άπήτει
542 1136 608 1174 τόν
625 1141 812 1184 Δηιονέως
819 1141 984 1184 Ἴφικλον

183 1181 235 1217 τοὶ
271 1185 338 1227 τῆς
360 1183 506 1241 ,μητρός
540 1187 688 1230 Τυροῦς
726 1185 796 1222 όσα
822 1187 985 1243 φθάσας

182 1227 325 1269 ἐκεῖνος
352 1227 595 1274 ἐνοσφίσατο,
629 1231 668 1266 ἐν
693 1231 769 1275 οἷς,
803 1246 852 1273 ως
875 1232 984 1275 εἰκός,

182 1270 281 1318 ἦσαν
313 1274 374 1310 καὶ
406 1275 518 1311 καλόν
548 1290 583 1312 τι
612 1277 734 1322 χρῆμα
766 1280 876 1335 βοων.
916 1280 985 1314 τοῦ

182 1319 226 1355 δε
235 1319 298 1377 μή
333 1317 583 1364 ἀποδιδόντος
607 1323 834 1368 ἀμυνόμενος
858 1322 877 1361 ὃ
902 1328 985 1381 Νη·-

180 1365 266 1408 λενς
295 1365 435 1402 ἐκεῖνον
467 1366 639 1425 ὑπέσχετο
673 1369 737 1406 τὸν
769 1370 887 1416 γάμον
917 1374 982 1415 τῆς

179 1411 369 1469 θυγατρός
392 1416 566 1458 Πηροῦς,
595 1412 641 1460 ἣν
665 1414 740 1452 άπὸ
766 1419 831 1462 τῆς
855 1417 982 1474 ῥηθεί-

178 1470 247 1516 σης
277 1458 467 1514 Χλώριδος
499 1461 596 1505 ε’σχε,
628 1463 680 1508 τῷ
712 1461 979 1508 α’νασωσομένῳ

176 1503 221 1539 ἐκ
244 1518 310 1540 του
329 1501 487 1548 Ἰφίκλου
511 1508 559 1542 τά
580 1509 645 1554 τῆς
661 1509 799 1553 μητρὸς
822 1512 978 1566 Τυροῦς.

176 1550 407 1595 Μελάμπους
439 1551 479 1588 δὲ
512 1536 748 1598 (Amyihaonis
783 1556 830 1589 fil.
875 1570 909 1591 v.
936 1555 978 1597 o'‚

175 1598 380 1632 225-255
416 1603 451 1632 et
494 1599 536 1633 de
568 1601 780 1644 Amythaone
815 1613 891 1636 ann.
934 1583 978 1636 aci

173 1643 275 1698 258.)
299 1643 491 1687 πειραθεις
510 1643 690 1680 ἀπελάσαι
709 1645 776 1686 τάς
793 1648 895 1691 βοῦς,
915 1648 977 1683 ’ἵνα

173 1690 227 1734 τῷ
251 1687 402 1742 ἀδελφῷ
418 1691 548 1726 Βίαντι
571 1690 636 1726 τὸν
660 1692 725 1746 τῆς
746 1694 895 1738 Πηροῦς
914 1707 976 1728 κα-

172 1722 406 1778 ταπράξητάι
437 1735 580 1780 γάμον,
611 1735 785 1792 ῇγρεύθη
809 1741 869 1774 καὶ
893 1739 974 1784 περὶ

171 1781 417 1826 παιδοποιΐας
439 1783 733 1827 μαντευσάμενος
764 1786 816 1831 τῷ
833 1782 974 1841 Ἰφίκλῳ

173 1820 241 1871 (ἧν
263 1824 334 1871 γάρ
359 1825 513 1885 απαις),
536 1829 599 1863 καὶ
621 1821 817 1886 ἐπιτυχών,
843 1831 972 1867 ἀπελύ-

171 1876 249 1917 θη,
285 1872 408 1917 λαβών
438 1874 499 1909 καὶ
525 1874 592 1915 τοὶς
615 1874 856 1920 οφειλομὲνας
882 1878 973 1933 βόας

172 1920 219 1963 τῇ
248 1921 381 1973 Τυροῖ.
416 1932 450 1953 κ.
483 1917 581 1955 οὕτω
606 1923 896 1980 περιεποιήσατο
910 1923 974 1959 τὸν

170 1954 313 2008 ἐκείνης
335 1963 454 2009 γάμον
478 1967 530 2013 τῷ
552 1964 716 2014 ἀδελφῷ,
737 1968 773 2011 ἐξ
797 1983 847 2004 ων
870 1967 974 2006 ν’στε-

171 2024 241 2054 ρον
264 2011 299 2046 οἱ
317 2002 524 2046 Βιαντίδαι.
553 2014 673 2056 (genus
693 2016 805 2049 nobile
824 2018 894 2060 Arg
898 2018 974 2050 ivo·-

169 2068 256 2091 rum.
290 2068 324 2091 v.
346 2058 459 2113 Heyn.
480 2058 585 2094 Obss.
609 2059 643 2092 in
667 2060 821 2104 Apollod
846 2074 878 2106 p.
873 2029 972 2105 g.67)

168 2104 232 2138 καὶ
269 2100 368 2138 ου’τω
402 2101 479 2159 μὲν
504 2104 539 2139 οὶ
573 2107 757 2140 τοιοῦτοι·
799 2105 900 2143 ἄλλοι
933 2108 972 2143 δὲ

168 2147 396 2192 πλατύτερον
433 2147 531 2184 ου’τω
557 2153 662 2195 φασί.
704 2153 774 2196 jam
798 2153 972 2198 Pherecy-

169 2196 223 2229 dis
255 2195 389 2229 fabulas
423 2196 553 2239 refert,
591 2208 676 2241 quas
709 2198 791 2232 nihil
824 2200 970 2235 Homero

167 2240 255 2274 lucis
287 2241 522 2283 conserentes,
556 2243 614 2286 qui
645 2244 764 2284 volet,
798 2244 892 2288 legat
914 2258 970 2290 ap.

166 2267 899 2377 {issiiinpffiesffi}aassiiessiss‘ssierfflissn‘ss'ssss'.
925 2295 971 2373 2¹3

166 2378 326 2423 Apollod.
360 2378 631 2423 (11,9‚12.‚)
663 2385 689 2414 t.
713 2382 746 2416 2.
771 2393 804 2426 Ρ.
830 2381 908 2417 141.
935 2389 970 2418 et

166 2424 331 2458 Larcher.
370 2423 414 2457 ad
448 2424 580 2458 Herod.
618 2431 645 2460 t.
679 2428 711 2462 2.
745 2438 780 2472 Ρ.
818 2429 899 2464 273.
933 2437 969 2464 et

164 2480 202 2503 se
230 2481 263 2505 u.

206 2482 356 2556 t394‚5.
402 2512 567 2558 ξ’,293,
593 2516 628 2549 4.
675 2517 783 2552 cf.11.
807 2517 861 2564 β,
886 2521 966 2563 551,

165 2561 292 2605 Odyss.
318 2559 371 2607 β’,
398 2560 463 2595 107
488 2564 554 2594 etc.

209 2608 300 2648 296,
325 2609 358 2642 7.
405 2604 627 2641 καὶτότε.
665 2606 719 2649 δ’,
742 2609 896 2644 256etc.
920 2629 965 2636 *—

164 2651 250 2687 Διό
265 2665 283 2693 ς
307 2651 343 2687 δ’
369 2650 427 2687 ἔτ.
452 2651 616 2697 βουλή.
656 2653 797 2687 formula
822 2656 963 2700 piorum,

164 2698 236 2752 qui
248 2698 356 2732 omnia
380 2702 464 2732 nutu
485 2698 581 2732 Jovis
614 2701 648 2731 et
673 2699 809 2734 deorum
833 2703 962 2745 guber-

164 2743 238 2777 nari
264 2748 397 2789 putant.
439 2755 471 2777 v.
496 2744 537 2777 ΙΙ.
563 2741 608 2785 α’,
633 2745 665 2779 5.

209 2800 289 2842 297,
317 2799 351 2833 8.
386 2797 485 2832 Schn
476 2811 485 2832 ε
510 2798 589 2834 καὶ
610 2797 776 2845 Λήδην
796 2821 841 2827 -—
860 2815 964 2847 παρ

169 2844 260 2885 Ζευς
277 2825 404 2898 Λήδας
417 2843 602 2887 ἐρασθεὶς,
613 2848 684 2903 τῆς
702 2848 857 2884 Θεστίου
875 2863 963 2884 παι-

164 2889 250 2930 δὸς,
282 2893 332 2931 εἰς
356 2890 490 2925 κύκνον
514 2890 647 2927 εαυτὸν
670 2894 865 2950 μετέβαλε,
900 2896 962 2930 καὶ

165 2936 321 2978 διαπτοὶς
350 2935 454 2982 ἐμίγη
487 2935 595 2983 αὐτῆ.
635 2938 728 2982 μετά
762 2938 896 2985 χρόνον
920 2943 961 2977 δὲ

1028 1094 1147 1143 ἐκείνη
1167 1098 1322 1134 τεκοῦσα
1339 1094 1414 1132 ωὸν
1430 1095 1650 1133 αποτίθεται
1669 1096 1723 1136 εἰς
1741 1095 1843 1141 λάρ-

1029 1155 1144 1184 νακα,
1177 1142 1269 1178 ὅθεν
1299 1143 1432 1198 συνέβη
1462 1155 1563 1183 τους
1572 1141 1843 1186 Διοσκονρους.
1854 1133 1856 1188 4

1029 1201 1062 1223 κ.
1079 1187 1147 1231 τὴν
1153 1186 1302 1231 Ελένην
1319 1188 1504 1232 γενέσθαι,
1520 1187 1619 1246 γόνῳ
1638 1187 1707 1230 μεν
1717 1187 1823 1230 Διὸς,
1840 1193 1856 1231 ‚1

1029 1232 1215 1279 ἐπίκλησιν
1249 1233 1290 1270 δε
1317 1233 1526 1279 Τυνδάρεω.
1570 1233 1659 1279 ηδὲ
1682 1234 1856 1279 ἱστορία

1028 1281 1129 1324 παρά
1153 1284 1230 1321 τοῖς
1245 1281 1446 1336 νεωτέροις.
1475 1280 1521 1314 cf·
1538 1280 1695 1326 ΑΡοΙΙοό.
1716 1283 1749 1321 3,
1770 1284 1824 1322 10,
1841 1297 1844 1318 ι

1030 1329 1135 1362 6etc.
1156 1347 1199 1353 -
1223 1325 1587 1383 κρατερόφρονε.
1609 1328 1655 1369 6,
1664 1328 1739 1364 333
1755 1332 1822 1362 etc.

1070 1375 1150 1409 299.
1197 1373 1237 1407 11.
1261 1373 1312 1428 γ’,
1335 1375 1416 1409 237.

1025 1420 1152 1500 63300.
1197 1432 1312 1460 τους
1334 1439 1378 1445 -
1403 1416 1499 1454 αἶα.
1534 1417 1575 1452 ΙΙ.
1594 1417 1638 1462 γ,
1655 1416 1744 1460 243,
1767 1415 1846 1465 φ’,ῥ

1069 1511 1149 1546 301.
1179 1520 1356 1570 ponamus
1384 1509 1440 1552 id,
1475 1509 1567 1554 quod
1591 1508 1718 1543 numeri
1740 1519 1821 1543 sua·
1844 1544 1846 1548 ,

1024 1554 1122 1590 dent:
1148 1555 1186 1591 οι“
1204 1570 1264 1592 και
1285 1556 1434 1610 ε’νερθεν
1450 1557 1526 1600 γῆς.
1555 1566 1720 1598 nusquam
1739 1558 1820 1599 Ροδ-

1023 1604 1059 1634 ta
1083 1602 1169 1635 dixit
1192 1602 1299 1659 νέρθζε
1331 1603 1405 1636 sive
1427 1601 1580 1645 νέρθεν,
1611 1600 1670 1634 ubi
1702 1604 1822 1653 posset
1845 1603 1847 1641 ᾖ

1022 1657 1085 1690 per
1105 1653 1243 1682 metrum
1268 1647 1405 1691 ε’νερθε,
1429 1647 1591 1689 ἔνερθεν.
1623 1647 1716 1680 forte
1731 1645 1817 1679 scri—
1846 1663 1847 1666 ι

1023 1698 1116 1736 ptum
1142 1691 1180 1728 κὲ
1205 1693 1280 1738 ε’ρνε
1283 1697 1352 1730 θεν
1376 1694 1430 1728 vel
1453 1693 1515 1728 καὶ
1539 1693 1722 1736 αἶ’,νερθεν
1745 1691 1816 1735 syl·

1020 1738 1098 1772 laba
1123 1739 1220 1773 simili
1246 1741 1387 1782 omissa,
1416 1751 1518 1785 porro
1543 1736 1817 1795 degeneraverit.

1020 1803 1063 1807 —
1097 1786 1169 1819 Αιιι.
1195 1786 1239 1826 Q.
1266 1792 1301 1820 et
1323 1787 1423 1820 Scha
1458 1784 1603 1829 τιμήν
1626 1802 1664 1807 -
1696 1782 1817 1827 ε’χον·

1018 1841 1102 1870 τες.
1139 1829 1402 1888 ἀναιρεθέντος
1426 1830 1616 1873 Κάστορος
1638 1827 1712 1865 υπὸ
1737 1831 1817 1864 Με-

1017 1875 1171 1920 λεάγρου
1201 1874 1223 1922 ἢ
1259 1879 1506 1917 Πολυνείκους
1541 1878 1635 1920 (ἰιιιο
1667 1877 1708 1909 ab
1742 1875 1816 1917 Ida,
1848 1907 1850 1915 ,

1019 1923 1169 1966 Apharei
1204 1924 1258 1958 vel
1300 1925 1380 1967 Nep
1383 1925 1457 1958 tuni
1497 1922 1589 1964 filio,
1635 1921 1816 1955 secundum
1848 1945 1850 1954 .

1018 1967 1116 2001 Pind.
1135 1969 1234 2004 Nem.
1254 1974 1307 2005 10.
1341 1971 1385 2003 cf.
1403 1969 1582 2003 Hederich.
1605 1968 1712 2011 Myth
1734 1967 1816 2002 Les.
1849 1992 1851 1999 .

1018 2024 1052 2058 p
1072 2016 1215 2069 1337),
1249 2015 1505 2073 Πολυδεύκης,
1541 2012 1738 2067 αφθαρτος
1762 2008 1814 2046 ὢν

1018 2059 1081 2093 δια
1104 2057 1145 2095 τὸ
1177 2060 1215 2096 ἐκ
1238 2062 1330 2102 Διὸς
1359 2060 1561 2117 γεγονέναι,
1595 2058 1816 2115 παρεκάλεσε

1017 2106 1083 2139 τόν
1107 2107 1266 2151 πατέρα,
1297 2106 1396 2149 ὅπως
1420 2105 1612 2162 ἐπιτρέψῃ
1619 2105 1719 2151 αὐτῷ
1741 2105 1814 2138 νεί-

1016 2155 1160 2195 μασθαι
1173 2154 1278 2208 πρός
1300 2153 1365 2190 τὸν
1387 2153 1549 2210 ἀδελφὸν
1573 2151 1641 2195 τὴν
1661 2141 1814 2195 ἀφθαρ-

1017 2210 1120 2240 σιαν,
1162 2196 1252 2235 α’)’στε
1284 2197 1374 2244 παρ’
1406 2197 1544 2244 ἡμέραν
1576 2196 1811 2254 αμφοτέρους
1851 2218 1853 2229 .

1018 2242 1079 2279 ὅτε
1102 2258 1168 2287 μεν
1191 2245 1229 2281 ἐν
1248 2245 1417 2293 Ὀλύμπῳ
1442 2246 1659 2299 διατρίβειν
1684 2244 1745 2279 ὁτὲ
1769 2241 1810 2279 δὲ
1852 2251 1853 2254 ’

1015 2288 1054 2325 ἐν
1076 2289 1276 2332 Ἀἰδωνέως.
1325 2283 1486 2326 Geminos
1516 2292 1618 2326 solem
1641 2291 1809 2336 interpre-

1014 2342 1109 2370 tatur
1132 2337 1282 2373 Macrob.
1308 2339 1382 2373 Sat.
1409 2341 1453 2381 1,
1476 2340 1534 2375 21·

1059 2395 1182 2430 303-
1191 2397 1272 2431 309.
1315 2394 1446 2439 λελόγ
1455 2406 1600 2439 χ-ασιν
1625 2393 1675 2428 ita
1695 2392 1806 2433 codd,

1015 2445 1175 2494 correpta
1206 2441 1389 2486 penultima
1422 2442 1519 2485 hujus
1550 2440 1672 2480 verbi,
1716 2438 1809 2483 quod
1854 2459 1856 2462 ⁴

1013 2485 1089 2519 fieri
1113 2497 1212 2531 posse
1234 2495 1398 2543 negantes
1417 2488 1520 2521 Barn.
1544 2491 1580 2520 et
1601 2485 1809 2519 recentiores
1853 2499 1856 2508 ·

1013 2532 1195 2566 ediderunt
1235 2530 1433 2577 lsko‘yzoeo’.
1488 2543 1575 2578 quos
1609 2531 1807 2565 refellcrunt
1854 2552 1856 2557 ³

1012 2577 1173 2619 Bestius,
1208 2579 1300 2620 Th.9
1325 2580 1567 2620 Buttmannus‚
1592 2577 1804 2621 Spitznerus.
1855 2591 1856 2594 ¹

1011 2634 1044 2656 v.
1064 2623 1244 2668 Specimen
1263 2625 1494 2670 quaestionum
1513 2624 1590 2658 crit.
1607 2626 1647 2657 A.
1668 2623 1699 2657 J.
1715 2622 1806 2655 Loe-
1855 2654 1856 2658 ,

1010 2669 1085 2710 bei,
1118 2671 1217 2705 1831.
1253 2682 1431 2713 excusum,
1464 2675 1502 2704 et
1533 2680 1705 2703 censorem
1726 2666 1804 2700 libri

1008 2714 1042 2747 in
1078 2716 1153 2748 Jen.
1188 2717 1264 2760 allg
1249 2728 1328 2752 rem.
1361 2717 1432 2751 Lit.
1459 2718 1500 2751 Z.
1532 2716 1632 2751 1831.
1667 2726 1701 2759 p-
1723 2713 1804 2747 291·

1009 2760 1140 2804 „Virg.
1165 2762 1246 2795 Aen.
1272 2765 1314 2805 6,
1342 2764 1440 2797 121.·
1463 2763 1494 2795 ss·
1509 2763 1660 2804 fratrem
1685 2758 1804 2791 Pollux

1009 2807 1144 2839 alterna
1177 2814 1283 2842 morte
1314 2810 1482 2848 redemit,
1519 2807 1614 2850 Itque
1648 2805 1803 2859 reditque

1007 2853 1100 2884 viam
1134 2855 1268 2887 toties“
1299 2859 1365 2887 etc.
1410 2854 1439 2887 E
1472 2853 1524 2887 Cl.
1557 2871 1603 2877 -
1639 2847 1803 2894 Ἰφιμέ-

1009 2898 1157 2932 δειαν.
1199 2900 1338 2944 'lriopis
1368 2901 1493 2942 filiam,
1521 2900 1723 2935 Thessaliae
1745 2909 1800 2931 re-

1007 2943 1070 2986 gis.
1112 2945 1265 2990 Apollod.
1290 2948 1332 2988 1,
1356 2948 1398 2989 7,
1422 2926 1532 2982 (ἑοῖο.
1553 2966 1597 2972 -
1632 2947 1676 2982 de
1700 2944 1802 2979 Ataeo
