1846 3282
535 135 1116 176 ΟΔΤΣΣΕΙΑΣ
1171 137 1227 175 Κ.

274 182 291 190 κ

1655 141 1708 180 71

214 247 288 289 καὶ
316 245 412 288 τότε
447 243 496 311 μ’
524 243 828 295 ἐκκαλέσαντες
858 244 972 311 ἔφαν
1001 243 1168 298 ἐρίηρες
1196 243 1383 299 ἑταῖροι·

295 299 540 354 ,,Δαιμόνι’
554 334 566 352 ,
594 300 680 356 ἤδη
707 305 792 344 νῦν
821 298 1057 354 μιμνήσκεο
1087 300 1294 351 πατρίδος
1325 303 1440 357 αιής,

219 361 259 401 εἴ
285 375 354 401 τοι
376 357 612 429 θέσφατόν
641 358 732 400 ἐστι
761 360 1017 424 σαωθῆναι,
1048 356 1122 398 καὶ
1151 355 1346 437 ἱκέσθαι

216 413 342 458 οἰκον
371 414 629 470 ἐϋκτίμενον
657 414 730 458 καὶ
761 415 843 469 σὴν
876 413 918 464 ἐς
946 414 1135 467 πατρίδα
1162 416 1331 467 γαῖιιιν.ι

541 517 668 551 Circae
689 515 865 560 supplicat
888 515 1052 559 ΙΙΙ-μεως

73 596 82 608 “
104 587 187 631 475

291 583 376 634 ’.Ως
406 584 540 639 ἔφαν,
571 583 710 636 αὐτὰρ
741 580 887 636 ἔμοιγ’
917 582 1165 625 ἐπεπείθετο
1193 581 1342 636 θυμός
1370 580 1555 640 ἀγηνωρ.

213 658 274 692 ως
301 642 399 684 τότε
428 641 508 694 μὲν
535 639 714 694 πρόπαν
741 638 876 709 ἦμαρ
891 638 935 707 ἐς
960 637 1107 694 ἠέλιον
1136 637 1385 681 καταδύντα

216 698 397 769 ἥμεθα,
415 698 669 768 δαινύμενοι
698 696 805 749 κρέα
833 694 876 738 τ’
908 695 1069 738 ἄσπετα
1099 695 1170 738 καὶ
1198 695 1314 754 μέθυ
1342 692 1450 751 ἡδύ·

210 771 322 810 ημος
352 753 397 798 δ’
432 752 578 823 ἠέλιος
606 752 787 801 κατέδυ,
815 751 890 795 καὶ
919 751 999 794 ἐπὶ
1019 751 1186 806 κνέφας
1217 747 1367 808 ἦλθεν,

213 813 257 854 οἷ
286 811 364 866 μὲν
392 809 659 865 κοιμήσαντο
689 807 799 852 κατά
829 808 996 862 μέγαρα
1027 809 1244 859 σκιόεντα,

100 872 183 913 480
214 867 353 920 αὐτὰρ
385 867 472 922 ἐγω
498 869 665 921 Κίρκης
694 863 847 918 ἐπιβας
877 865 1157 919 περικαλλέος
1186 863 1318 919 εὐνῆς

159 949 167 953 -
211 925 388 980 γούνων
418 922 717 971 ἐλλιτάνευσα,
746 922 831 965 θεὰ
861 921 907 964 δέ
937 938 1019 976 μευ
1049 922 1203 965 ἔκλυεν
1234 921 1392 976 αὐδῆς,

210 982 286 1025 καί
314 996 389 1036 μιν
419 979 630 1036 φωνήσας
659 980 763 1023 ἔπεα
792 977 1028 1033 πτερόεντα
1058 975 1346 1036 προσηύδων·

40 1104 119 1138 diae
144 1104 289 1146 aetatis,
311 1115 399 1149 quas
422 1105 468 1139 H.
492 1103 614 1149 Steph.
638 1103 850 1148 inspexerat.

41 1162 147 1195 quare
173 1150 230 1185 ille
255 1163 279 1184 e·
297 1150 339 1189 τ’,
366 1151 443 1186 153.
471 1151 525 1184 vel
551 1150 603 1189 ω’,
632 1150 710 1185 142.
733 1156 851 1182 trans-

39 1197 203 1240 scriptum
228 1198 385 1241 putabat,
410 1196 525 1229 omisit
541 1197 696 1239 knight,
723 1196 766 1226 NV
789 1207 852 1228 un-

40 1241 128 1275 cinis
152 1243 302 1276 inclusit.
339 1254 422 1276 sane
448 1253 568 1276 carere
589 1243 642 1274 his
662 1252 850 1286 possumus,

41 1294 79 1322 ut
103 1285 157 1343 β’,
182 1290 260 1324 107.
271 1314 282 1330 ,
320 1293 357 1322 et
388 1288 561 1322 molestum
597 1294 650 1320 est
673 1288 782 1327 περὶ
805 1305 851 1311 -

40 1333 212 1378 τελέσθη
236 1340 313 1379 post
349 1334 455 1375 περὶ
488 1353 532 1359 —-
565 1346 670 1378 ωραι.
720 1334 852 1366 obtem-

41 1380 163 1426 peravi
186 1380 294 1424 igitur
318 1380 447 1414 lVolfio
483 1381 516 1414 h.
544 1380 591 1421 1.,
622 1391 689 1413 non
713 1379 792 1412 item
817 1379 851 1411 in

40 1427 189 1468 ceteris,
215 1438 305 1470 quae
329 1426 500 1466 indicavi,
526 1426 583 1459 ubi
610 1426 740 1470 pariter
766 1426 851 1458 haec

43 1472 303 1517 circumsepsit,
335 1478 496 1517 tanquam
533 1482 674 1517 prorsus
705 1471 851 1505 inutilia.

40 1518 216 1552 Hesiodus
250 1529 387 1563 quoque
420 1519 554 1561 Theog.
590 1519 665 1552 58.·
703 1514 781 1552 ἀλλ’
806 1535 850 1541 —-

41 1560 158 1606 ὧραι,
183 1565 328 1617 Μηνῶν
346 1566 465 1603 mom„
489 1563 570 1607 usp!
597 1562 638 1597 6'
661 1560 723 1607 ἤμ.
742 1560 849 1597 πόλλ’

39 1609 222 1653 ἐτελέσθη
269 1609 318 1643 ibi
345 1610 387 1641 W
411 1610 508 1653 ipse:
534 1635 556 1652 ‚
548 1610 646 1649 hanc
669 1611 852 1652 μακρολο-

39 1657 122 1712 γίαν
140 1655 280 1689 totidem
298 1657 372 1689 fere
391 1655 517 1689 litteris
542 1656 646 1689 habet
663 1656 760 1689 Hom.
781 1655 850 1689 Od.

38 1701 84 1744 κ’,
107 1701 187 1737 469.
227 1702 272 1735 cf.
300 1702 411 1745 hymn.
446 1702 480 1735 in
505 1702 617 1746 Apoll.
646 1703 726 1736 349.
751 1712 848 1746 sequ.

39 1747 75 1782 in
100 1747 222 1792 quibus
254 1759 339 1781 cave
373 1747 558 1792 quidquam
584 1747 679 1781 aliud
703 1759 850 1792 quaeras

40 1805 140 1839 quam
160 1793 306 1827 indolem
330 1793 511 1827 rudiorise
498 1796 685 1833 sermonis,
711 1794 771 1838 qui
790 1805 850 1827 ea-

40 1840 116 1874 dem
148 1840 297 1873 diversis
330 1839 440 1874 modis
475 1840 600 1881 efi',ert
635 1851 702 1884 quo
731 1840 849 1874 melius

40 1885 287 1930 intelligantur.
302 1887 327 1905 “
375 1882 662 1930 01..,,ἦματα
685 1898 852 1931 μακρα.

40 1931 142 1975 Virg.
166 1932 292 1976 Eclog.
325 1932 366 1972 9,
392 1932 467 1968 51.=
501 1945 605 1976 saepe
637 1944 702 1978 ego
731 1933 851 1977 longos

43 1977 226 2056 ‘'inland‘’
262 1989 408 2023 puerum
439 1980 580 2013 memini
620 1991 675 2013 me
707 1981 852 2014 condere

40 2034 79 2058 so
95 2035 133 2057 es
155 2026 166 2043 6

85 2071 175 2111 471,
198 2070 246 2104 2.
279 2068 359 2104 καὶ
387 2069 504 2106 τότε.
544 2072 791 2127 perperamQ.
815 2076 852 2105 et

38 2116 81 2149 B.
117 2120 212 2149 Αιιι.;
248 2111 268 2150 ὁ
300 2115 378 2151 καὶ
405 2119 598 2173 περισσός.
630 2130 663 2151 v.
697 2130 773 2153 ann.
806 2118 851 2151 ad

41 2160 88 2207 β’,
110 2163 190 2198 256.
215 2180 260 2187 -
299 2163 534 2206 δαιμόνιε.
567 2162 616 2205 σ’,
644 2167 685 2199 15
705 2172 771 2198 etc.
817 2177 852 2198 v.

41 2219 120 2241 ann.
154 2207 198 2241 ad
231 2207 270 2242 11.
299 2207 458 2250 α’.,561
482 2230 529 2236 ——-
573 2210 851 2256 θέσφατον,

35 2253 166 2297 fatale.
196 2250 242 2294 6',
265 2255 332 2291 561
357 2264 424 2290 etc.

88 2298 170 2334 474.
215 2299 267 2333 sic
292 2303 333 2334 A.
355 2301 390 2335 4.
415 2306 452 2336 et
475 2303 594 2344 Harl„
628 2303 727 2347 cujus
753 2303 848 2337 codi-

43 2344 94 2378 cis
116 2344 231 2378 Schol.
255 2350 528 2384 commemoravit
545 2328 722 2405 vulgatam
748 2350 850 2384 hodie

42 2390 248 2435 scripturam
286 2392 374 2427 hanc
416 2392 521 2430 οἷκον
561 2393 598 2436 ἐς
632 2393 849 2441 ὑψόροφον,

43 2448 111 2480 qua
134 2436 194 2469 illa
217 2443 272 2470 est
289 2438 489 2482 elegantior,
515 2442 769 2498 praepositione
793 2455 849 2476 re-

41 2482 114 2516 lata
137 2481 180 2516 ad
204 2493 325 2517 nomen
350 2485 455 2529 prius.
493 2499 526 2520 v.
552 2485 599 2528 α’,
620 2490 678 2530 93,
703 2487 748 2535 β,
771 2490 850 2530 153,

40 2530 128 2568 476,
153 2526 195 2570 ζ’,
218 2530 286 2564 315
309 2535 375 2565 etc.
404 2534 665 2587 transscriptum
690 2536 850 2568 rideatur

0 2611 1 2614 ,
41 2572 148 2609 οἶκον
172 2573 208 2614 ἐς
230 2574 298 2611 ὐψ
322 2587 364 2610 ex
425 2580 514 2618 ..77
524 2604 534 2621 ‚
561 2580 652 2624 quod
676 2588 790 2614 tamen
815 2586 851 2614 et

41 2618 79 2662 ε’,
104 2620 161 2655 42.
186 2625 222 2654 et
247 2621 324 2656 115.
349 2622 405 2668 leg
410 2603 497 2665 iiur,
528 2626 771 2667 ferendumque
796 2639 851 2660 es-

0 2679 1 2682 *
40 2674 116 2709 set,
148 2666 213 2700 nisi
246 2637 405 2703 alterumg
419 2669 503 2703 illud
536 2672 651 2705 melius
683 2674 852 2706 offerrent

41 2712 142 2748 codd.
174 2713 285 2746 bonae
324 2722 447 2754 notae,
484 2717 681 2761 quibuscum
721 2719 852 2753 faciunt

40 2758 211 2799 nonnulli,
236 2770 322 2802 quos
345 2761 498 2796 laudavit
521 2763 575 2798 Cl.

87 2806 210 2858 475-
220 2805 299 2840 479.
337 2819 456 2841 versus
475 2820 588 2842 omissi
604 2820 639 2842 in
659 2811 699 2843 A.
717 2810 764 2851 4.‚
788 2822 852 2844 nec

44 2850 109 2883 nisi
125 2851 278 2895 margine
295 2852 391 2887 Harl.
414 2854 542 2887 codicis
560 2855 696 2898 scripti,
715 2862 750 2889 et
767 2869 852 2900 quo-

45 2907 118 2930 rum
143 2897 234 2931 nulla
263 2897 304 2931 sn.
326 2899 450 2933 mentio
482 2900 518 2933 in
552 2901 702 2934 scholiis.
750 2902 854 2945 igitur

46 2941 138 2976 docti
160 2944 246 2978 haec
270 2956 407 2991 quoque
431 2946 464 2978 in
497 2946 722 2990 suspicionem
746 2948 855 2982 addu-

48 2999 143 3026 xere.
184 2996 286 3025 caute
309 2992 537 3027 montbelius:
559 2994 629 3034 „W
635 2993 685 3026 olf
706 2994 856 3029 enserme

898 1116 938 1137 ce
971 1115 1050 1138 vers
1083 1102 1154 1140 475
1188 1108 1224 1138 et
1252 1104 1304 1138 les
1335 1101 1364 1139 4
1384 1102 1540 1138 suivants
1564 1105 1665 1136 entre
1685 1103 1708 1136 2

898 1152 1140 1209 parentini-ses,
1172 1161 1252 1183 sans
1285 1151 1391 1184 doute
1422 1160 1526 1194 parce
1550 1161 1594 1192 qu
1597 1147 1650 1181 ils
1673 1147 1706 1181 n'

898 1197 1049 1229 existent
1071 1195 1128 1241 qu'
1131 1208 1173 1229 en
1206 1207 1322 1240 marge
1354 1195 1438 1229 dans
1466 1195 1498 1228 le
1522 1194 1708 1228 manuscrit

898 1242 1071 1282 harleien,
1106 1241 1259 1275 consulte'
1294 1253 1357 1286 par
1380 1242 1524 1275 Porson.
1575 1241 1709 1284 Kuight

897 1299 940 1321 ne
974 1289 1156 1321 retranche
1187 1299 1254 1331 que
1284 1287 1335 1321 les
1366 1298 1446 1320 vers
1478 1286 1545 1322 478
1569 1293 1604 1320 et
1627 1287 1706 1321 479.

897 1334 938 1367 Je
964 1334 1053 1367 crois
1077 1333 1179 1377 qu'on
1198 1338 1279 1378 peut
1303 1333 1354 1367 les
1372 1332 1563 1378 supprimet
1587 1344 1631 1366 ou
1655 1332 1708 1366 les

898 1380 1019 1413 laisser
1049 1381 1215 1413 subsistet
1249 1391 1328 1413 saus
1358 1378 1611 1413 inconvenient.
1662 1379 1708 1412 Ce

897 1432 973 1460 sont
996 1427 1038 1458 de
1061 1437 1115 1459 ces
1137 1437 1215 1459 vers
1230 1427 1401 1468 sor-mules
1420 1426 1478 1469 qui
1496 1426 1707 1465 rer-innuerat,

898 1484 981 1505 avec
1005 1473 1054 1506 les
1078 1473 1192 1517 leg-ers
1213 1473 1460 1515 changements
1492 1470 1651 1515 qu’exige
1676 1472 1708 1505 Ic

897 1519 1005 1559 re'cit,
1041 1523 1154 1552 tontes
1189 1519 1237 1551 les
1263 1520 1338 1561 sois
1361 1530 1426 1562 que
1457 1518 1487 1550 le
1511 1518 1596 1560 jour
1609 1518 1708 1561 finit,

897 1576 962 1608 que
987 1566 1035 1596 les
1059 1565 1158 1597 he'ros
1178 1569 1350 1608 prennent
1374 1566 1406 1597 le
1429 1565 1532 1607 τέρας
1557 1564 1603 1596 du
1628 1565 1708 1604 scir,

899 1616 931 1644 et
955 1610 1055 1654 qu'ils
1077 1616 1159 1643 vont
1182 1622 1217 1643 se
1242 1611 1396 1644 coucher.
1445 1609 1531 1653 (Cf.
1563 1621 1652 1654 pour
1675 1609 1708 1642 le

898 1657 1047 1700 premier
1072 1654 1114 1702 β’,
1139 1658 1217 1698 103,
1243 1655 1286 1698 κ’,
1311 1658 1393 1699 406,
1414 1657 1483 1691 466
1503 1660 1594 1689 etc.·
1584 1680 1594 1697 ,
1620 1667 1709 1711 pour

895 1703 946 1737 les
970 1705 992 1739 3
1016 1702 1169 1736 suivants
1193 1699 1241 1743 α’,
1268 1705 1358 1744 161,
1382 1683 1425 1745 'Q
1452 1703 1627 1743 556—8‚
1663 1700 1707 1744 κ’,

898 1750 1020 1784 183-
977 1750 1074 1802 -6,
1109 1748 1166 1792 μ’,
1197 1728 1252 1784 29.
1267 1762 1278 1792 3
1314 1760 1406 1793 pour
1434 1748 1467 1782 le
1499 1727 1637 1781 dernier
1659 1746 1706 1791 α’,

896 1797 984 1836 365,
1012 1794 1066 1836 6,
1089 1797 1158 1831 768
1181 1803 1270 1836 etc.,
1296 1796 1380 1838 etc.)
1426 1794 1474 1827 Iis
1505 1805 1548 1827 ne
1572 1798 1650 1827 sont
1673 1794 1708 1828 ni

897 1842 1011 1875 mieux
1035 1841 1069 1875 ni
1093 1843 1170 1887 plus
1194 1841 1260 1876 mal
1286 1842 1403 1888 places
1426 1840 1472 1874 ici
1496 1852 1541 1885 qu
1545 1839 1707 1876 'ailleurs.

896 1887 1093 1922 Seulement
1121 1888 1267 1932 J’insiste
1299 1899 1388 1934 pour
1422 1898 1463 1921 ne
1489 1897 1550 1932 pas
1572 1892 1707 1920 retran-

898 1935 981 1967 cher
1012 1934 1045 1968 le
1079 1946 1160 1968 vers
1191 1935 1271 1969 475.
1285 1959 1293 1976 ,
1327 1945 1433 1978 parce
1465 1945 1533 1978 que
1561 1932 1646 1966 c’est
1675 1933 1704 1967 la

896 1981 1006 2014 forme
1049 1982 1235 2015 consacree
1266 1984 1380 2013 tontes
1410 1979 1460 2013 les
1500 1979 1569 2013 fois
1604 1982 1660 2023 qu'
1665 1990 1703 2012 un

897 2026 1058 2060 discours
1078 2034 1131 2060 est
1151 2027 1238 2060 finif
1227 2029 1251 2045 66
1284 2037 1366 2059 sane
1385 2024 1508 2059 deletis
1530 2025 1600 2058 illis
1623 2026 1700 2058 haec

897 2073 1012 2107 nescio
1065 2073 1147 2118 quid
1189 2072 1296 2106 hiulci
1340 2073 1468 2105 habent
1509 2071 1708 2116 asperique,

898 2119 991 2163 quod
1017 2120 1183 2153 abhorret
1207 2130 1226 2152 a
1246 2130 1339 2152 more
1359 2116 1539 2151 Homerico
1561 2129 1633 2150 cum
1654 2117 1708 2150 di-

898 2165 1018 2206 cendi,
1053 2176 1152 2210 quem
1181 2176 1306 2198 morem
1337 2163 1455 2208 tetigit
1488 2163 1708 2205 Montbelius‚

897 2217 968 2244 tum
994 2223 1038 2244 an
1017 2211 1142 2255 gendi,
1175 2211 1344 2255 siquidem
1369 2216 1478 2244 sumto
1512 2209 1589 2244 cibo
1618 2209 1708 2243 deli-

898 2258 1040 2298 berare,
1074 2256 1288 2301 consiliaque
1312 2255 1476 2301 exsequi,
1510 2256 1622 2289 solent
1646 2257 1708 2289 he-

896 2315 988 2336 roes.
1032 2315 1065 2337 v.
1091 2303 1144 2336 vel
1167 2304 1286 2337 151—
1304 2304 1370 2337 155
1394 2303 1493 2345 hujus
1515 2302 1605 2342 libri,
1629 2302 1707 2347 qui-

897 2350 1035 2383 buscum
1059 2350 1247 2382 contendas
1274 2349 1312 2382 ll.
1337 2347 1708 2390 22155-17o‚225

895 2397 1041 2437 -233,
1072 2401 1249 2449 totumque
1281 2394 1372 2428 illum
1395 2395 1516 2428 locum.
1565 2394 1601 2427 id
1623 2405 1706 2427 sen-

894 2443 1005 2482 tiens,
1037 2442 1179 2487 opinor,
1211 2441 1241 2474 B
1265 2440 1455 2474 Wolfianos
1480 2438 1621 2474 uncinos
1644 2440 1707 2474 de-

894 2488 992 2521 levit.

941 2534 1048 2568 481—
1057 2532 1136 2569 486.
1180 2532 1253 2567 Αιιι.
1273 2532 1319 2572 Q.
1340 2532 1494 2566 emend..
1519 2529 1707 2574 γούνων

895 2578 981 2615 ἕλλ.
1015 2579 1075 2622 (ll.
1099 2579 1142 2624 χ’,
1163 2578 1243 2614 414.
1280 2577 1608 2621 cf.264etc.)‹3102
1633 2578 1721 2612 τῶν-

895 2624 1065 2670 γονάτων
1096 2627 1162 2670 τῆς
1186 2626 1326 2680 Κίρκης
1359 2624 1461 2668 Zztr'v
1491 2624 1648 2679 ἐποίησα
1672 2638 1705 2660 κ.

898 2672 1150 2727 παρακλησιν,
1190 2669 1273 2706 α’ντι
1308 2672 1376 2705 τοῦ
1420 2683 1494 2704 των
1536 2667 1706 2723 γόνάτων

899 2716 1106 2761 ἁψαμένος.
1134 2739 1182 2744 -
1220 2717 1299 2751 καί
1329 2729 1408 2760 μιν
1431 2736 1477 2742 -
1501 2715 1706 2761 προσηύ-

899 2767 919 2800 ὁ
935 2779 1005 2799 ων.
1047 2764 1172 2805 ,,ΥοίΙ.ὶ
1207 2775 1333 2798 encore
1368 2774 1410 2796 un
1435 2774 1515 2796 vers
1539 2776 1607 2808 que
1631 2775 1706 2796 cer-

898 2812 989 2845 tains
1013 2809 1217 2844 manuscrits
1239 2812 1297 2848 (A.
1321 2811 1352 2843 2.
1375 2815 1410 2841 et
1427 2810 1480 2851 3.)
1507 2821 1548 2843 ne
1570 2814 1707 2854 portent

899 2869 974 2903 pas,
999 2865 1035 2890 et
1055 2858 1112 2900 qui
1130 2858 1323 2900 cepeudant
1341 2855 1416 2889 doit
1435 2859 1509 2889 ctre
1527 2859 1705 2895 conserve,

900 2915 1005 2949 parce
1030 2915 1099 2946 que
1124 2914 1181 2935 ces
1207 2908 1320 2934 sortes
1342 2901 1384 2934 de
1405 2901 1563 2935 sormules
1585 2902 1725 2947 ριὲεε-“

900 2951 985 2982 dent
1008 2950 1057 2982 les
1089 2949 1243 2981 discours
1267 2948 1354 2981 (lans
1379 2947 1544 2987 uomere,
1580 2959 1707 2981 comme

901 2996 1004 3030 celles
1028 2996 1113 3029 dont
1140 2995 1176 3039 je
1209 2994 1305 3027 viens
1339 2992 1384 3027 de
1414 2994 1530 3038 parler
1564 2995 1613 3028 les
1633 2994 1705 3028 sui-
