1856 3282
498 140 1086 183 ΟΔΥΣΣΕΙΑΣ
1142 140 1192 179 Β.

1623 144 1679 184 49

184 250 328 306 πάγχυ
358 251 624 306 διαῤῥαίσει,
656 251 811 305 βίοτον
836 247 881 293 δ’
913 246 1002 291 dud
1030 247 1220 317 πάμπαν
1251 246 1428 294 ὀλέσσει

105 314 160 355 50
189 309 341 376 μητέρι
370 323 446 361 μοι
476 311 718 366 μνηστῆρες
747 307 960 361 ἐπέχραον
989 302 1070 348 οὐκ
1099 304 1329 376 ἐθελούσῃ,

191 369 280 407 τῶν
310 361 504 433 ἀνδρῶν
518 368 641 419 φίλοι
669 366 782 413 υἷες,
811 366 853 406 οἱ
883 360 1042 404 ἐνθάδε
1071 360 1115 416 γ’
1147 362 1258 404 εἰσὶν
1285 364 1476 416 ἄριστοι·

196 424 239 464 οἱ
267 436 433 473 πατρος
462 421 539 474 μὲν
570 422 613 470 ἐς
643 424 770 462 οἰκον
800 417 1061 472 ἆπεῤῥίγασι
1090 418 1282 471 νέεσθαι,

188 477 402 530 Ἰκαρίου,
435 477 494 527 τός
525 476 570 520 κ’
604 475 739 526 αὐτὸς
767 475 1028 518 ἐεδνώσαιτο
1058 473 1274 544 θύγατρα,

195 536 293 587 δοίη
323 531 364 576 6'
369 568 380 585 ,
419 536 458 602 ᾧ
482 532 525 576 κ’
557 532 724 581 ἐθέλοι,
761 533 835 574 καί
865 533 909 574 οἱ
936 530 1244 586 κεχαρισμένος
1274 531 1410 582 ε’λθοι,

109 595 162 637 55
195 592 238 633 οἷ
267 588 313 633 δ’
344 593 404 640 εἷς
432 589 644 645 ἡμέτερον
673 588 945 660 πωλεύμενοι
973 588 1117 643 ἤματα
1146 587 1302 640 πάντα,

195 650 306 703 βοῦς
336 648 598 715 ἱερεύοντες,
629 647 704 688 καὶ
735 646 822 695 ὄϊς,
852 645 926 687 καὶ
955 647 1114 695 πίονας
1146 642 1287 700 αἶγας,

193 703 568 756 εἰλαπινάζουσιν,
599 704 778 745 πίνουσί
806 717 851 743 τε
882 703 1048 744 αἴθοπα
1078 706 1219 772 oivpv,

196 763 435 832 μαψιδίως·
465 760 518 802 τὰ
549 759 594 802 δε
623 757 765 801 πολλοὶ
799 757 1042 801 κατάνεται.

1105 757 1160 801 οὐ
1193 757 1278 811 γὰρ
1311 755 1381 800 επ’
1413 755 1541 815 οἷνήρ,

196 820 290 867 οῑος
316 815 553 866 Οδυσσεῦς
583 815 724 867 ε’σκεν,
758 813 870 869 αρὴν
901 813 985 858 ἀπὸ
1018 815 1145 857 οἴκου
1175 814 1355 887 αμῦναι.

113 880 168 920 60
197 872 318 927 ἡμεῖς
348 873 392 915 δ’
424 872 480 916 ου’
511 872 566 915 νύ
597 890 638 914 τι
667 877 780 914 τοῖοι
812 872 1051 925 ἀμυνέμεν,
1083 870 1113 926 ἢ
1141 873 1214 913 καὶ
1243 872 1387 914 ε’πειτα

195 930 420 986 λευγαλέοι
448 928 492 973 τ’
524 928 759 985 ἐσόμεσθα,
791 929 865 972 καὶ
895 927 950 972 οὐ
979 929 1238 985 δεδαηκότες
1267 927 1419 983 ἀλκήν.

25 1066 70 1101 τό
99 1079 165 1111 μεν
188 1085 234 1092 -
256 1064 299 1100 τὸ
331 1063 371 1100 δε
395 1083 460 1109 —,
494 1066 555 1099 sed
588 1064 726 1099 variare
750 1064 838 1098 haec

26 1113 138 1147 solent
176 1113 388 1167 scriptores:
427 1123 460 1145 V.
500 1112 539 1147 11.
578 1111 630 1153 π’,
672 1114 750 1147 116.
791 1130 837 1135 -

0 1157 320 1203 ’διαῤῥαίσει-
348 1157 395 1199 α’,
413 1159 565 1192 251etc.
592 1155 839 1202 -μητέρι

27 1212 93 1240 etc.
141 1216 196 1249 as>
196 1206 329 1239 ndeton
378 1205 646 1258 epexegeticum.
692 1223 739 1229 —
787 1204 837 1237 E:

25 1250 284 1309 ἐπέχραον
302 1250 373 1294 (Il.
400 1249 563 1291 π’,352
587 1251 707 1294 356..)
755 1249 838 1285 ἀντὶ

27 1299 99 1333 τοῦ
118 1298 156 1334 ἐν
176 1299 249 1344 χρῷ
268 1295 458 1341 ἐγένοντο,
485 1295 679 1337 ἐπέπεσον,
706 1295 838 1340 ε’βοίρυ-

0 1352 112 1419 >vam
161 1342 201 1379 ἐκ
245 1355 385 1378 τουτου
426 1340 466 1377 δε
500 1344 561 1377 καὶ
591 1341 631 1377 τό
662 1354 839 1386 χραυσαι,

28 1390 246 1434 πλεονασμῷ
264 1390 332 1423 τοῦ
352 1402 374 1424 v
397 1394 462 1423 etc.
486 1408 532 1413 —
564 1388 742 1424 ἐνθάδε
765 1401 838 1433 γε,

0 1422 2 1460 l
29 1437 85 1471 hic
103 1438 252 1481 quidem,
279 1437 343 1469 hoc
361 1435 496 1480 quidem
512 1440 637 1476 tractu,
661 1435 695 1468 in
720 1436 841 1469 Ithaca

15 1488 68 1516 et
100 1482 223 1516 vicinis
255 1481 397 1522 insulis,
431 1492 471 1514 ex
506 1481 630 1524 quibus
665 1482 842 1515 confluxe-

0 1498 4 1535 1

30 1534 109 1563 rant
133 1528 239 1573 proci.
289 1538 322 1561 v,
349 1525 394 1567 α’,
418 1528 526 1561 245-
532 1528 612 1561 248.
658 1538 840 1571 perperam

29 1575 236 1608 Heraclides
267 1573 432 1607 Ponticus
467 1583 523 1616 ap
551 1575 625 1605 Am.
651 1574 697 1613 Q.
723 1578 759 1606 et
782 1572 841 1605 alii

32 1620 136 1654 solam
170 1620 320 1653 Ithacam
351 1617 559 1662 intelligunt.
608 1618 667 1663 qui
701 1618 840 1652 Schola

30 1664 165 1702 ἑκατὸν
197 1665 285 1700 δέκα
319 1665 380 1699 καὶ
417 1663 513 1698 ὀκτώ
543 1664 672 1708 σχεδὸν
708 1663 840 1704 ὄντων,

30 1711 164 1766 inquit,
188 1725 263 1746 των
293 1706 468 1746 ἁπάντων
494 1710 734 1756 μνηστήρων,
765 1709 840 1746 ἀπὸ

31 1758 176 1794 τούτων
196 1756 235 1794 δε
259 1756 297 1792 ἐκ
314 1759 379 1800 τῆς
397 1755 548 1802 Ἰθάκης
574 1759 628 1792 δυ
643 1758 840 1793 οκαίδε-

31 1818 88 1841 κα
111 1804 292 1844 πάντες
316 1818 371 1847 αρ
387 1815 516 1838 ιστοι
541 1804 619 1848 (π’,
643 1805 750 1847 251.)
777 1804 842 1849 ρη-

32 1851 184 1892 θέντες,
207 1854 307 1896 ζητεῖ
325 1848 582 1894 Ηρακλείδης,
607 1864 686 1891 πως
716 1858 735 1885 ο
767 1854 842 1895 Τη-

34 1898 186 1941 λε’μαχος
207 1896 336 1942 σμικρι’
340 1910 393 1932 νει
415 1895 453 1932 ἐν
476 1898 520 1943 τῇ
541 1899 753 1945 δημηγορία
778 1909 842 1932 συ-

0 1950 3 1958 *
36 1943 190 1980 στέλλων
227 1943 269 1980 τδ
308 1946 476 1998 πλῆθος
489 1945 540 1984 εἰς
577 1943 717 1986 μόνους
753 1957 843 1985 τους

31 1989 265 2035 Ἰθακησίους
283 1996 350 2027 etc.
374 2009 418 2016 —
453 1987 743 2035 οἱπεῤῥίγασι
767 1990 843 2026 νέ-

38 2039 199 2078 εσθαι,
223 2038 361 2071 horrent
384 2038 453 2078 ire,
479 2038 510 2070 h.
535 2049 564 2070 e.
590 2038 719 2071 nolunt.
766 2039 842 2071 Ho-

36 2087 103 2119 rat.
122 2083 188 2118 Od.
207 2084 240 2118 2
259 2084 293 2123 2,
313 2085 365 2118 7.
391 2084 487 2116 illurn
516 2089 603 2127 aget
627 2095 743 2128 penna
772 2096 842 2117 me-

37 2134 155 2164 tuente
178 2129 265 2164 solvi
284 2130 397 2163 Fama
414 2135 593 2173 superstes.
621 2149 665 2156 —
693 2131 843 2163 Icarium

37 2176 266 2220 Cephallenes
295 2176 329 2209 in
364 2176 474 2209 insula
507 2187 568 2209 sua
592 2176 767 2210 habitasse
791 2177 844 2210 di-

37 2222 174 2263 cebant,
198 2228 236 2256 ιιι
260 2219 378 2255 auct'or
401 2227 455 2255 est
479 2222 623 2255 Aristot.
651 2223 748 2256 poet,
766 2225 844 2258 25.-
834 2247 844 2264 ‚

37 2279 101 2302 nec
116 2267 306 2303 verisimile
334 2280 409 2302 esse
433 2267 483 2301 ait
505 2268 631 2302 Strabo
660 2272 713 2309 10,
737 2270 783 2310 2.,
810 2281 845 2314 p.

35 2315 117 2349 347.
156 2314 209 2348 ed.
246 2315 404 2348 Tauchn.
417 2339 428 2356 ‚
471 2313 728 2371 Lacedaemone
769 2327 843 2349 eum

37 2359 147 2394 fuine
169 2360 237 2394 isto
261 2366 427 2416 tempore.
476 2359 521 2394 οὐ
538 2360 607 2404 γὰρ
628 2376 694 2403 αν,
720 2362 843 2414 inquit,

37 2402 59 2440 6
90 2405 301 2460 Τηλέμαχος
325 2419 427 2451 παρα
455 2408 635 2451 Mevania>
655 2407 760 2452 κοπῆς
763 2420 844 2450 ετο,

38 2448 243 2495 ἀφιγμένος
271 2451 395 2488 ἐκεῖσε.
426 2472 471 2477 -
505 2454 596 2498 φασὶ
623 2453 663 2489 δὲ
698 2454 845 2489 Τυνδά-

42 2509 136 2538 ρεων
162 2511 194 2532 κ.
223 2497 290 2532 τόν
303 2496 493 2555 ἀδελφόν
524 2499 645 2535 αυτοῦ
675 2499 844 2545 Ἰκάριον,

40 2541 260 2584 ἐκπεσόντας
294 2540 367 2579 ὖπὸ
397 2542 666 2587 Ιπποκόωντος
695 2549 761 2590 τῆς
791 2548 845 2581 οἰ-

41 2591 163 2633 κείας,
183 2583 308 2631 ἐλθεῖν
326 2591 437 2647 „naevi
472 2592 646 2636 Θέστιον,
679 2594 744 2630 τόν
769 2596 844 2628 τῶν

36 2638 288 2680 Πλευρωνίων
319 2635 498 2682 ἄρχοντα,
536 2655 568 2674 κ.
597 2639 845 2684 συγκατακτή·

40 2685 181 2719 σασθαι
198 2684 262 2727 τῆς
276 2685 430 2739 περαίας
453 2686 521 2719 τοῦ
540 2684 709 2729 Ἀχελώου
728 2685 846 2723 πολλοὶ

39 2727 102 2767 ἐπὶ
117 2731 228 2775 μέρει·
249 2727 313 2765 τὸν
329 2743 396 2774 μεν
410 2726 477 2765 οὖν
492 2733 714 2776 Τυνδάρεων
732 2733 845 2770 ἐπαν-

40 2778 162 2812 ελθεῖν
201 2777 347 2817 οἴκαδε,
386 2776 552 2821 γήμαντα
575 2780 738 2834 Λήδαν,
776 2780 845 2825 τὴν

39 2823 108 2858 τοῦ
130 2824 286 2860 Θεστιου
311 2823 516 2881 θυγατέρα·
542 2822 607 2860 τὸν
628 2825 667 2861 δε
688 2825 845 2872 ’Ῑκοὶριον

39 2865 244 2914 ἐπιμεῖναι,
269 2870 333 2914 τῆς
360 2868 591 2913 Ἀκαρνανίας
610 2871 751 2926 ’ἔχοντα
781 2873 843 2917 με’-

0 2960 2 2967 ,
41 2927 142 2970 m,
149 2930 182 2951 κ.
208 2917 546 2961 τεκνοποιήσασθαι
575 2915 640 2962 τήν
666 2933 703 2955 τε
724 2923 844 2965 Πηνε-

39 2958 156 3007 λιμήν
174 2961 213 3003 ἐκ
233 2962 482 3008 Πολυκάστης,
506 2964 570 3009 τῆς
587 2968 751 3010 Λυγαίου
767 2970 843 3003 θν-

0 3033 2 3055 3
37 3008 188 3053 γᾱτρός,
230 3024 265 3046 κ.
288 3009 386 3051 τούς
418 3010 606 3056 αδελφούς
633 3011 761 3059 αὐτῆς.
797 3032 843 3039 -

84 3065 223 3102 Roman.
247 3068 381 3102 Om'ss.
406 3069 431 3102 1.

885 1063 1179 1102 ἐεδνώσαιτο
1224 1061 1326 1108 θύγ.
1374 1075 1406 1096 v.
1451 1074 1530 1096 ann.
1566 1061 1610 1096 ad
1644 1060 1691 1105 α’,

884 1114 964 1147 277.
995 1132 1041 1137 ——
1075 1112 1121 1147 οἱ
1146 1109 1196 1146 δὲ
1222 1116 1288 1144 etc.
1294 1077 1353 1143 yat
1373 1110 1425 1142 illi
1447 1108 1603 1153 quotidie
1627 1114 1693 1142 etc.

885 1160 934 1193 sic
966 1156 985 1192 6
1020 1163 1056 1192 et
1088 1170 1150 1203 ογε
1174 1157 1244 1191 dici
1268 1156 1356 1189 solet
1380 1167 1443 1200 per
1468 1155 1697 1199 pleonasmum

884 1207 1091 1249 elegantem.
1139 1216 1172 1237 v.
1204 1214 1281 1236 ann.
1316 1202 1359 1235 ad
1393 1202 1432 1235 ΙΙ.
1459 1200 1505 1243 α’,
1529 1203 1584 1242 65,
1609 1201 1697 1235 infe-

884 1253 956 1285 rius
980 1252 1060 1292 327,
1085 1248 1128 1295 γ,
1144 1250 1225 1289 409,
1247 1245 1296 1291 μ’,
1320 1249 1414 1288 24Ο.,
1440 1253 1476 1281 et
1499 1248 1543 1281 de
1570 1259 1698 1291 prono-

884 1299 972 1332 mine
1002 1298 1060 1330 ille
1091 1296 1142 1331 sic
1166 1299 1333 1340 usurpato
1358 1296 1403 1326 W
1407 1294 1527 1337 agneti
1553 1294 1699 1334 Quaest.

887 1344 983 1387 Virg.
1009 1346 1065 1385 21,
1091 1346 1138 1383 8,
1164 1342 1263 1386 Virg.
1286 1341 1397 1384 Heyn.
1420 1340 1474 1374 ed.
1493 1341 1539 1380 4.‚
1563 1340 1631 1373 vol
1650 1339 1698 1381 4.,

886 1403 921 1437 p.
958 1391 1037 1424 482.
1078 1394 1114 1423 et
1148 1388 1227 1422 483.
1261 1406 1308 1412 —-
1342 1387 1411 1426 εἰς
1444 1383 1698 1429 ἡμέτερον,

887 1439 1024 1470 domum
1044 1441 1212 1469 nostram.
1273 1434 1386 1473 ,,301
1434 1433 1524 1466 idem
1544 1438 1597 1466 est
1613 1430 1700 1475 ἡμέ-

887 1480 1037 1526 τερόνδε
1075 1480 1127 1522 θ’,
1160 1482 1217 1516 39.
1236 1446 1296 1511 ⁷⁷e⁷t
1329 1479 1427 1512 alias.
1477 1478 1577 1522 plene
1613 1478 1700 1512 dixit

889 1528 1064 1583 ἡμέτερον
1088 1528 1142 1561 δῶ
1163 1525 1208 1567 α’,
1230 1525 1310 1565 176,
1342 1524 1383 1557 Il.
1403 1523 1450 1568 η’,
1474 1527 1543 1561 363
1565 1530 1631 1558 etc.
1655 1543 1700 1551 —

887 1573 1212 1618 πωλεύμενοι,
1239 1577 1487 1613 commeantes,
1523 1570 1701 1604 diverten-

887 1630 958 1664 tes,
986 1621 1159 1655 interdiu:
1198 1629 1274 1652 nam
1299 1623 1400 1650 noctu
1424 1628 1462 1650 se
1486 1616 1703 1662 recipiebant

887 1670 930 1703 ad
957 1667 1110 1712 hospites
1136 1665 1344 1699 Ithacenses.
1393 1675 1426 1695 v.
1451 1664 1554 1704 3972,
1597 1670 1633 1697 et
1658 1662 1703 1696 de

888 1717 995 1749 verbo
1019 1714 1227 1748 πωλεῖσθαι
1251 1710 1292 1743 Il.
1314 1707 1353 1749 ε’,
1371 1710 1440 1744 350
1466 1714 1532 1744 etc.
1557 1710 1643 1742 haec
1666 1713 1704 1743 et

887 1762 1066 1806 sequentia
1101 1770 1209 1804 usque
1244 1756 1287 1790 ad
1311 1757 1369 1790 59.
1392 1755 1516 1812 iterum
1540 1755 1703 1799 leguntur

888 1807 930 1851 ρ,
955 1807 1079 1843 534-
1087 1807 1169 1841 538.
1199 1823 1245 1828 -
1281 1803 1428 1837 εἰλαπ.
1464 1802 1508 1843 α’,
1540 1803 1620 1837 225.
1659 1820 1703 1826 -

890 1855 1078 1890 αἰθοπα
1113 1850 1266 1886 οἶνον.
1302 1847 1346 1893 γ’,
1381 1848 1461 1889 459,
1496 1828 1535 1881 11.
1562 1847 1703 1888 α’,462

889 1907 956 1936 etc.
990 1919 1035 1926 —
1068 1898 1343 1943 μαψιδίως,
1381 1894 1488 1948 μὰψ,
1523 1894 1702 1937 ματαίως.

914 1947 986 1982 .11.
1013 1945 1051 1987 ε’,
1076 1945 1156 1980 374.
1190 1964 1234 1970 -
1267 1939 1554 1984 κατάνεται,
1589 1945 1703 1975 conte-

888 1961 998 2035 τῖ’ίιιν,
1023 1992 1224 2027 absumitur.
1274 1991 1338 2034 Ap.
1365 1989 1585 2021 emendatus:
1621 1985 1704 2022 ἄνε-

889 2055 961 2076 ται
988 2041 1061 2094 (ll.
1080 2038 1124 2079 κ’,
1149 2036 1262 2079 251.)
1287 2033 1519 2076 καταλύεται,
1545 2033 1704 2068 ἀναλοῦ-

889 2095 973 2123 ται·
1007 2100 1061 2120 τα
1090 2083 1199 2119 δεπ
1227 2079 1512 2116 κατάνεται.
1537 2100 1582 2105 -
1617 2078 1703 2123 ἐπ’,

891 2134 1034 2170 ἔπεστιν
1060 2133 1148 2177 οἴκῳ
1181 2129 1233 2176 τῷ
1256 2125 1439 2173 ημετέρῳ,
1473 2139 1541 2160 non
1567 2132 1704 2170 praeest

892 2180 1003 2215 domui
1023 2186 1171 2213 nostrae.
1198 2195 1241 2201 -
1268 2174 1409 2220 α’ρὴν,
1432 2175 1608 2214 damnum,
1625 2185 1704 2218 per-

890 2228 1023 2261 niciem.
1055 2238 1088 2258 v.
1116 2225 1154 2258 11.
1177 2221 1228 2267 μ,
1251 2223 1332 2257 334.

937 2275 992 2308 60.
1026 2273 1148 2315 vulgo.
1174 2289 1218 2294 -
1243 2265 1446 2311 ἀμυνέμεν·
1473 2258 1499 2308 ἦ
1521 2264 1582 2299 και
1609 2263 1705 2300 ε’πει-
1767 2285 1773 2290 ‹

889 2333 937 2354 τα
962 2325 1028 2354 etc.
1076 2319 1149 2351 Cl..
1188 2327 1250 2349 nos
1279 2325 1360 2348 vero
1387 2313 1588 2355 neutiquam
1616 2313 1706 2345 tales

891 2367 950 2411 qm‘
967 2370 1128 2399 arceant:
1149 2362 1339 2407 quinetiam
1360 2359 1589 2402 Imbecillique
1606 2369 1705 2401 repe-

889 2415 1038 2453 riemur,
1081 2416 1114 2444 et
1145 2421 1254 2453 neque
1284 2408 1390 2451 periti
1416 2405 1555 2440 roboris.
1611 2404 1704 2449 quod

891 2464 946 2494 est
977 2458 1102 2491 virtuti
1134 2467 1217 2489 suae
1253 2465 1395 2500 prorsus
1428 2449 1616 2485 diffidentis
1642 2451 1704 2484 de—

892 2505 1134 2549 sperantisque
1159 2503 1231 2535 sine
1258 2501 1391 2534 ratione
1415 2499 1549 2532 idonea.
1591 2499 1633 2529 A.
1652 2496 1704 2530 4..

891 2551 916 2596 ἢ
950 2551 1091 2592 ἔπειτα,
1127 2555 1164 2583 et
1188 2548 1331 2605 absque
1344 2558 1383 2603 ⁸⁰,
1409 2545 1553 2582 fuisset,
1591 2547 1703 2576 tamen

893 2598 1084 2651 ponendum
1110 2600 1184 2629 erat
1215 2589 1239 2637 ἢ
1272 2592 1334 2627 καὶ
1373 2591 1498 2626 ε’πειτα
1536 2592 1601 2622 etc.
1634 2589 1704 2632 jam

892 2646 957 2678 hoc
991 2643 1075 2676 «licit
1106 2641 1356 2679 Telemachus,
1400 2649 1437 2670 se
1474 2647 1583 2679 neque
1615 2646 1703 2668 nunc

891 2691 1077 2747 prohibere
1102 2688 1167 2721 vim
1194 2697 1318 2732 posse,
1351 2689 1386 2717 ct
1418 2684 1569 2717 sortasse
1599 2681 1704 2715 etiam

889 2738 927 2772 in
960 2742 1134 2781 posterum
1166 2734 1242 2766 fore
1274 2730 1440 2765 hominem
1465 2728 1622 2762 miserum
1650 2733 1705 2761 at-

891 2796 958 2829 que
993 2781 1215 2819 imbecillum3
1256 2777 1348 2822 quod
1393 2781 1447 2809 est
1487 2772 1629 2808 modesti
1669 2778 1705 2807 et

892 2831 988 2874 ejus,
1013 2828 1072 2872 qui
1098 2825 1245 2870 requirit
1268 2824 1413 2857 alienam
1438 2832 1556 2866 opem,
1592 2831 1636 2852 ne
1659 2820 1704 2853 ab

890 2874 1035 2910 inimicis
1065 2870 1338 2929 potentioribus
1387 2867 1609 2913 opprimatur.
1658 2885 1702 2890 ——

890 2925 1025 2958 τοῖοι
1051 2930 1235 2962 αμυνεμ
1250 2929 1318 2956 εν
1344 2916 1432 2948 tales
1462 2914 1521 2957 qm'
1546 2918 1703 2952 arceant,

889 2969 963 3016 apti
993 2967 1037 3001 ad
1065 2963 1260 3000 arcendum.
1309 2973 1340 2996 v.
1367 2960 1493 2994 matth.
1519 2960 1551 3000 5.
1576 2959 1658 2993 532.

935 3017 1024 3050 61—
1029 3014 1086 3050 67.
1134 3007 1414 3055 λευγαλέοι.
1453 3004 1600 3049 λυγροὶ,
1637 3005 1702 3037 mi—
