1856 3282
536 119 1128 161 ΟΔΥΣΣΕΙΑΣ
1182 122 1236 159 Α.

226 231 270 284 ἐξ
300 230 460 286 ἀρχῆς,
488 231 607 284 εἴπερ
637 246 683 274 τε
711 226 888 301 γέροντ’
919 229 1063 284 εἴρηαι
1093 227 1295 273 έπελθων

226 289 426 361 Λαέρτην
454 288 603 359 ήρωα,
634 286 715 330 τόν
745 285 894 330 οὐκέτι
927 285 1035 358 φασὶ
1064 284 1244 329 πόλινδε

117 351 195 393 190
229 344 402 418 ἔρχεσθ’
413 379 425 399 ‚
456 343 559 388 ἀλλ’
591 341 843 387 ἀπάνευθεν
873 341 944 386 ἐπ’
975 339 1119 397 άγροῦ
1148 342 1327 397 πήματα
1355 341 1538 399 πάσχειν

225 405 332 459 γρηϊ
366 402 452 446 συν
480 400 736 473 ἀμφιπόλῳ,
765 398 794 456 ἥ
825 400 870 443 οἷ
897 400 1065 455 βρῶσίν
1094 415 1158 452 τε,
1189 400 1323 442 πόσιν
1351 415 1408 448 τε,

225 464 451 514 παρτιθεῖ,
482 458 576 502 εὖτ’
610 457 666 502 άν
693 473 770 527 μιν
798 455 993 511 κάματος
1021 455 1133 499 κατά
1162 461 1268 512 γυῖα
1298 455 1498 514 λάβῃσιν,

227 516 460 575 ἑρπύζοντ’
490 515 576 559 ἀνὰ
603 513 770 585 γουνὸν
800 512 944 569 ἀλωῆς
975 513 1241 585 οἰνοπέδοιο.

224 578 309 616 νῦν
339 572 386 617 δ’
414 568 581 644 ἦλθον·
612 570 665 626 δή
694 570 780 627 γάρ
810 587 886 626 μιν
916 569 1076 624 ἔφαντ’
1106 569 1337 639 ἐπιδήμιον
1367 567 1496 620 εἶναι,

117 632 196 673 195
233 630 313 672 σὸν
342 629 520 683 πατέρ’·

553 628 660 672 ἀλλά
691 645 749 671 νυ
777 627 906 682 τόνγε
934 627 1034 670 θεοὶ
1064 626 1309 681 βλάπτουσι
1338 627 1568 671 κελεύθου.

227 685 282 730 οὐ
313 686 422 759 γάρ
439 700 508 730 πω
535 686 750 755 τέθνηκεν
777 683 847 727 ἐπὶ
874 684 1003 738 χθονὶ
1031 686 1125 734 δῖος
1149 682 1404 737 Ὀδυσσευς,

226 742 325 786 ἀλλ’
357 744 419 787 ε’τι
446 759 536 787 που
567 741 676 795 ζωὸς
711 741 995 811 κατερύκεται
1026 740 1146 811 εὐρέϊ
1172 741 1336 814 πόντῳ,

224 800 349 870 νήσῳ
375 800 423 843 έν
452 798 701 856 ἀμφιρύτῃ·
732 798 911 854 χαλεποὶ
942 797 989 841 δέ
1018 815 1094 852 μιν
1116 796 1284 868 ,a'v6959
1314 798 1508 853 εχουσιν,

225 856 395 927 άγριοι,
426 858 473 899 οἵ
497 872 589 899 που
615 861 764 899 κεῖνον
794 853 1071 925 έρυκανόᾳισ’
1103 853 1301 899 ἀέκοντα.

113 918 196 957 200
226 912 364 967 αὐτὰρ
394 917 480 957 νῦν
508 930 578 956 τοι
607 911 690 968 ἐγώ
721 911 1048 981 μαντεύσομαι,
1080 929 1139 963 ως
1168 912 1233 955 ἐνὶ
1263 915 1400 968 θυμῷ

202 969 446 1014 ἀθάνατοι
477 969 718 1024 βάλλουσι,
749 969 826 1013 καὶ
855 968 914 1019 ὠς
943 969 1168 1012 τελέεσθαι
1202 967 1296 1019 ὀΐω,

227 1043 328 1070 οιτε
357 1044 399 1070 τι
426 1027 580 1095 μάντις
609 1026 718 1079 έών,
751 1023 848 1070 ούτ’
882 1027 1053 1069 οἰωνῶν
1083 1026 1208 1080 σάφα
1238 1024 1377 1075 εἰδώς.

225 1083 352 1127 οὗτοι
381 1085 444 1128 ε’τι
469 1083 608 1139 δηρόν
637 1100 686 1139 γε
715 1086 846 1140 φίλης
875 1082 960 1126 ἀπο
995 1085 1208 1136 πατρίδος
1238 1085 1336 1138 αἴης

224 1141 412 1192 ε’σσεται,
449 1140 548 1185 ov’6'
580 1143 700 1196 εἴπερ
731 1156 776 1183 τε
811 1140 994 1211 σιδήρεα
1025 1139 1204 1195 δέσματ’
1241 1140 1381 1195 ἔχῃσι·

110 1201 193 1244 205
224 1199 488 1269 φράσσεται,
518 1197 578 1249 ὥς
607 1214 656 1241 κε
685 1197 854 1253 νέηται,
885 1197 977 1240 ἐπεὶ
1009 1196 1321 1266 πολυμήχανός
1350 1196 1481 1241 ἐστιν.

221 1254 321 1298 αλλ’
352 1255 426 1310 ἄγε
457 1272 549 1310 μοικ
563 1255 662 1299 τόδε
693 1255 784 1297 εἰπε
813 1254 887 1297 καὶ
918 1253 1131 1308 ἀτρεκέως
1161 1252 1412 1307 κατάλεξον,

220 1313 258 1354 εἰ
287 1312 340 1366 δὴ
370 1312 412 1363 εξ
445 1311 597 1355 αὐτοῖο
628 1310 758 1361 τόσος
787 1310 890 1360 πάϊς
919 1315 978 1361 είς
1007 1310 1228 1380 Ὀδυσῆος

222 1369 356 1418 αἰνῶς
384 1369 470 1424 γάρ
501 1368 699 1423 κεφαλήν
729 1384 773 1410 τε
802 1368 876 1411 καὶ
907 1366 1079 1422 ὄμματα
1108 1366 1220 1411 καλα
1252 1366 1401 1419 εὀικας

221 1426 382 1482 κείνῳ,
414 1426 503 1468 ἐπεὶ
531 1425 656 1480 θαμα
687 1429 811 1467 τοῖον
840 1423 1098 1492 ἐμισγόμεθ’
1129 1423 1368 1479 άλληλοισι,

107 1486 190 1527 210
217 1483 322 1537 πρίν
353 1498 401 1538 γε
429 1481 509 1525 τὸν
539 1481 582 1533 ές
616 1483 779 1537 Τροίην
810 1479 1108 1537 ἀναβήμεναι,
1140 1481 1250 1525 ἔνθα
1280 1497 1362 1537 περ
1395 1479 1522 1525 ἄλλοι

99 1648 293 1685 188—193.
343 1650 415 1685 Αιιι.
441 1651 495 1692 Q:
521 1653 651 1696 εἰπερ
675 1663 720 1687 τε
732 1664 776 1708 γ.
801 1649 862 1686 ει·

52 1706 176 1740 ρηαι.
202 1697 254 1737 εἰς
277 1694 479 1754 ἀξιόχρεων
500 1699 675 1755 μάρτυροι
700 1696 769 1743 τὴν
801 1698 862 1732 πί-

54 1752 134 1776 στιν
167 1740 357 1788 άναφέρει-
405 1745 583 1788 δευτέραν
614 1743 705 1789 (δε)
738 1745 863 1780 πίστιν

52 1788 118 1832 τῆς
141 1791 314 1833 καθαρᾶς
338 1793 464 1836 φιλίας
481 1796 645 1827 ποιεῖται
669 1791 736 1836 τήν
762 1789 863 1833 οἷκρι-

54 1835 231 1880 βολογίαν
256 1838 469 1880 (accuratam
489 1839 775 1884 descriptionem)
799 1839 864 1882 τῆς

54 1883 329 1924 κακοδουλείας.
353 1887 621 1920 κακοδουλείαν
640 1885 724 1919 dicit
742 1885 864 1918 durum

55 1928 182 1962 victum
205 1929 365 1975 Laertis,
389 1932 653 1977 molestiasque,
679 1931 804 1977 quibus
827 1942 866 1964 se

54 1973 131 2019 ipse
155 1977 333 2011 excruciat
354 1990 471 2020 senex,
496 1979 586 2012 haud
610 1990 711 2011 secus
734 1988 776 2011 ac
791 1989 867 2010 ser-

55 2031 155 2063 vum,
187 2022 245 2068 qui
279 2035 365 2068 opus
396 2025 485 2058 facit
516 2025 552 2058 in
576 2024 679 2058 vinea
712 2035 772 2057 seu
798 2035 866 2068 po-

53 2067 185 2110 mario,
222 2079 286 2103 nec
308 2069 375 2104 nisi
398 2071 529 2112 lassus,
564 2082 740 2116 pensoque
765 2070 867 2103 abso-

56 2112 151 2156 luto,
173 2093 303 2170 :cibum
348 2128 474 2161 capere
506 2119 660 2161 jubetur.
695 2117 747 2150 Ε·
782 2115 866 2158 ὅρα,

56 2157 138 2194 οἷον
162 2156 186 2203 ἡ
209 2160 329 2207 λύπη-Ι
352 2162 417 2198 τὸν
439 2162 509 2208 γάρ
531 2163 680 2209 βασιλέα
698 2161 866 2218 Λαέρτην

54 2205 98 2241 τὰ
122 2205 183 2242 ἐπὶ
205 2210 257 2254 τῷ
289 2210 400 2245 παιδὶ
431 2212 572 2250 πένθος
606 2212 658 2250 εἰς
681 2222 771 2250 τους
795 2223 864 2254 αγ-

57 2251 149 2294 Οθῦς
191 2253 388 2301 μετῴκισε,
429 2257 493 2292 καὶ
525 2258 591 2304 ζῇν
622 2258 779 2300 οἰκτρῶς
800 2256 865 2290 καὶ

57 2296 140 2333 οἷον
164 2291 344 2343 δουλικῶς
369 2302 549 2339 ἀνέπεισε.
565 2323 608 2329 -
624 2304 704 2337 talis
729 2307 783 2336 est
806 2303 866 2336 ille

56 2356 161 2379 senex
201 2348 458 2392 Terentianus,
507 2350 551 2384 de
592 2362 658 2395 quo
701 2349 867 2383 Chremes

55 2391 241 2428 Heautont.
267 2397 351 2437 1,1,
375 2397 450 2432 15..
473 2409 648 2441 nunquam
673 2401 745 2429 tam
765 2406 868 2429 mane

60 2439 242 2482 egredior,
265 2453 373 2495 neque
397 2448 472 2476 tam
487 2444 623 2487 vesperi
648 2444 793 2476 Domum
812 2453 868 2475 re-

55 2488 192 2525 vorlor,
226 2487 306 2530 quin
339 2494 373 2522 te
395 2489 431 2522 in
458 2492 573 2532 fundo
597 2490 772 2532 conspicer
798 2489 867 2522 Fo-

57 2529 160 2571 dere,
186 2537 248 2564 aut
272 2545 395 2576 arare,
419 2542 479 2570 aut
504 2536 638 2581 aliquid
656 2539 779 2578 facere
804 2535 866 2568 de·-

52 2586 177 2620 ΠῐΊῑῑθὶ
213 2578 353 2613 Nullum
385 2559 535 2616 remittis
564 2589 720 2626 tempus,
755 2593 865 2626 neque

56 2626 91 2656 te
123 2624 276 2666 respicis.
335 2626 432 2661 Ilaec
464 2641 533 2662 non
566 2629 739 2683 voluptati
772 2639 864 2669 csse,

55 2669 142 2703 aau's
165 2676 257 2703 certo
281 2673 358 2707 ιιι-ἑο.
385 2673 429 2706 cf.
453 2674 497 2708 de
521 2676 648 2709 Laette
672 2673 716 2717 λ’,
741 2675 807 2709 186
822 2693 864 2699 -

59 2716 138 2757 195,
168 2714 219 2758 ω’,
244 2719 441 2754 219-233,
466 2727 504 2754 et.
526 2733 624 2767 seqq.
650 2740 695 2746 —-
720 2718 861 2764 ερπύ-

58 2761 212 2804 ζοντα,
236 2765 459 2799 incedentem.
485 2769 556 2801 Αιιι.
585 2768 638 2808 Q:
663 2769 864 2814 βαδίζοντα

57 2809 109 2848 εἰς
140 2807 206 2845 τὸν
242 2810 496 2855 γονιμώτατον
538 2812 656 2850 τόπον
694 2815 760 2860 τῆς
799 2817 866 2860 γῆς

60 2855 280 2900 οἰνοφόρου.
311 2860 354 2892 ab
389 2859 502 2893 aliena
536 2872 634 2895 manu
669 2874 745 2896 esse
780 2870 863 2918 puto

59 2901 143 2945 hoc,
174 2904 264 2949 quod
298 2906 365 2939 illis
399 2906 569 2949 adjectum
601 2907 748 2950 legitur:
781 2906 865 2953 ἐσή-

57 2959 149 2991 μανε
181 2951 247 2986 τὸν
277 2950 351 2987 ὑπὸ
377 2951 500 3011 γήρως
521 2952 613 2996 μετὰ
637 2953 777 3000 ὀδύνης
801 2955 864 2991 καὶ

55 2993 162 3039 ἀνίας
185 2995 302 3044 ἠρέμα
325 2999 387 3035 καὶ
411 2999 553 3045 βαρέως
575 3001 787 3046 βαδίζοντα.
812 3004 865 3038 sic

908 1649 1011 1683 etiam
1037 1650 1069 1684 E
1095 1650 1248 1706 erravit,
1283 1651 1439 1697 quamvis
1464 1628 1617 1686 Achilles
1641 1652 1725 1686 Ilia-

908 1695 965 1738 de,
990 1695 1045 1741 ψ’,
1067 1698 1160 1738 225,
1187 1693 1206 1733 6
1233 1698 1517 1743 σθεναρωτατος
1540 1699 1603 1733 καὶ
1625 1698 1725 1734 ω’κύ-

909 1756 1042 1785 τατος,
1066 1749 1105 1776 ut
1131 1723 1193 1785 ait,
1221 1744 1426 1788 ἓρπύζει
1451 1746 1536 1788 περὶ
1559 1744 1626 1792 τήν
1653 1747 1725 1781 τοῦ

910 1789 1061 1833 εταίρου
1086 1791 1285 1833 πυρκαϊάν.
1312 1795 1358 1826 cf
1383 1791 1426 1834 ν’,
1451 1795 1532 1829 220.
1558 1815 1604 1819 -
1632 1791 1726 1827 nivo}

909 1849 1026 1880 γουι
1039 1834 1113 1877 ὂν,
1147 1837 1186 1873 ἐν
1216 1849 1362 1885 γουνῳ·
1403 1840 1540 1884 γουνὸς
1572 1837 1637 1881 δε,
1672 1840 1729 1873 in-

911 1883 987 1927 quit
1009 1883 1060 1924 E,
1096 1881 1115 1917 6
1141 1883 1295 1928 γόνιμος
1317 1875 1439 1927 τόπος
1469 1900 1502 1922 κ.
1525 1885 1727 1943 κάρπιμος,

913 1928 988 1964 ἀπὸ
1029 1930 1099 1965 τοῦ
1140 1931 1250 1975 γονὸς
1293 1930 1476 1975 ὀξυτόνου
1520 1931 1725 1991 ὀνόματος,

911 1973 1053 2020 Ἰωνικῇ
1084 1975 1275 2014 επενθέσει
1307 1980 1378 2015 τοῦ
1409 1994 1445 2015 υ.
1479 1999 1524 2005 -
1558 1979 1726 2025 ἀλωῆς.

913 2025 986 2059 Αιιι.
1024 2023 1077 2064 Q:
1119 2022 1242 2069 ἀλωήν
1273 2027 1336 2062 καὶ
1368 2026 1438 2072 τὴν
1471 2026 1729 2070 πολύδενδρον

912 2071 985 2114 γῆν
1010 2081 1145 2114 φησιν,
1173 2071 1294 2108 ε’νθα
1330 2073 1377 2109 δέ
1413 2074 1457 2110 οὶ
1482 2074 1729 2117 πολύκαρ-

913 2129 1003 2156 πος
1037 2115 1161 2162 οἷλωή
1191 2117 1254 2163 (η’,
1289 2122 1405 2164 122.)·
1428 2122 1491 2156 καὶ
1514 2121 1582 2165 τήν
1607 2122 1730 2164 ἄμπε-

914 2161 1110 2207 λόφυτον,
1142 2169 1434 2219 σταφυλῇσι
1475 2167 1604 2224 μέγα
1631 2170 1689 2215 βε
1701 2169 1731 2203 ί·-

910 2213 1101 2245 θονσαν
1125 2208 1217 2247 αλω
1233 2226 1286 2257 ην
1307 2214 1368 2257 (ΙΙ.
1382 2213 1424 2257 σ’,
1441 2217 1561 2258 561.)·
1588 2212 1732 2273 ὁμοίως

912 2257 973 2291 καὶ
991 2256 1059 2300 τήν
1079 2259 1278 2304 σιτοφόρου
1301 2261 1380 2304 γῆν.
1407 2268 1461 2295 est
1482 2263 1590 2306 igitur
1611 2260 1731 2306 ἀλωὴ,

913 2303 1013 2361 quod
1044 2304 1210 2340 Germani
1247 2307 1368 2341 dicunt
1397 2309 1586 2353 tragbares
1611 2310 1732 2352 Laud,

914 2351 958 2383 ab
990 2347 1087 2391 α’λω,
1135 2364 1284 2387 crescere
1313 2356 1432 2396 faci05
1472 2356 1571 2399 cujus
1607 2364 1733 2400 parles

914 2395 1087 2440 significat
1124 2398 1163 2431 ΙΙ.
1196 2398 1236 2443 ζ,
1272 2401 1363 2442 195.
1388 2413 1461 2434 cum
1495 2401 1582 2435 dicit
1607 2414 1736 2446 φυτα-

914 2444 994 2486 λιῆς
1017 2444 1079 2478 καὶ
1102 2441 1279 2498 αρούρης.
1307 2447 1352 2480 cf.
1371 2447 1411 2480 ΙΙ.
1436 2445 1470 2488 ι’,
1485 2449 1565 2489 534,
1591 2449 1630 2489 ε’,
1653 2450 1705 2485 90
1723 2473 1736 2491 ,

914 2489 1043 2535 odyss.
1081 2489 1129 2533 ζ’,
1154 2494 1244 2533 293,
1278 2491 1310 2537 η’
1321 2519 1331 2535 ,
1367 2495 1445 2529 122.
1482 2514 1528 2520 ——-
1561 2493 1736 2540 ἐπιδή-

911 2548 1052 2579 μιον,
1093 2538 1335 2581 domesticum,
1372 2540 1505 2573 domum
1538 2551 1737 2584 reversum,

910 2594 975 2616 nec
1008 2584 1150 2628 amplius
1183 2586 1472 2631 peregrinantem.
1506 2588 1551 2622 cf.
1577 2590 1659 2630 233,
1685 2589 1738 2624 ΙΙ.

910 2626 946 2673 ι’,
971 2631 1027 2671 64,
1051 2629 1104 2671 ω’,
1128 2632 1209 2667 262.

957 2679 1152 2714 195-210.
1197 2678 1452 2719 κελεύθου,
1481 2681 1573 2723 qnod
1597 2682 1740 2716 attinet

908 2723 957 2755 acl
981 2724 1048 2756 iter
1071 2725 1145 2758 sive
1169 2726 1326 2760 reditum
1352 2726 1392 2758 ll.
1419 2723 1464 2769 η’,
1489 2728 1570 2768 409,
1594 2727 1685 2761 Mau
1707 2730 1737 2761 h.

913 2771 945 2810 §.
981 2771 1062 2805 316.
1108 2795 1131 2811 ‚,
1144 2771 1191 2813 δ’,
1224 2772 1330 2808 469.:
1366 2770 1488 2816 πεδάᾳ
1520 2773 1584 2808 καὶ
1617 2773 1680 2819 ἐδη
1703 2786 1740 2809 σε

911 2817 1132 2851 κελεύθου.6
1109 2820 1132 2836 “
1148 2819 1194 2852 N.
1213 2839 1257 2844 —
1277 2818 1497 2863 ἔχουσιν,
1516 2821 1673 2865 κατέχον
1694 2833 1739 2863 σι,

911 2865 1073 2898 retinent.
1108 2883 1149 2888 —
1183 2864 1516 2909 ἐρυκανόωσι,
1558 2868 1601 2901 ab
1639 2867 1676 2912 ἐρ
1698 2881 1737 2902 υ-

910 2909 1052 2945 κανάω.
1084 2912 1187 2945 semel
1223 2912 1323 2946 dixit.
1355 2913 1400 2946 cf.
1435 2911 1478 2954 κ’,
1504 2913 1585 2955 429,
1617 2926 1695 2962 ιιιιὶ
1689 2926 1737 2948 ra

913 2956 957 2991 14
983 2962 1049 2991 etc
1077 2955 1558 3015 -ὦς-βάλλουσι,
1592 2967 1631 2996 ut
1664 2964 1735 2996 in-

911 3004 998 3038 dunt
1022 3004 1075 3039 dii
1100 3005 1217 3040 animo
1242 3018 1328 3041 meo.
1361 3006 1401 3042 n.
1427 3005 1470 3051 γ,
1499 3010 1601 3043 139.·
1636 3012 1675 3054 γλ
1697 3021 1732 3042 υ-
