1856 3282
179 137 261 187 228

800 142 1194 186 ΟΜΗΡΟΥ

347 252 508 322 λάβρον
541 254 809 308 ἐπαιγίζοντα
837 252 894 296 δι’
928 251 1122 306 αἰθέρος,
1153 248 1272 304 ὄφρα
1299 249 1474 303 τάχιστα

344 314 452 364 νηῦς
481 309 649 353 ἀνύσειε
677 311 840 353 θέουσα
868 308 1089 362 θαλάσσης
1119 305 1313 360 ἁλμυρὸν
1341 306 1471 356 ὕδωρ.

235 369 316 411 295
347 365 452 421 [βάν
482 365 527 408 δὲ
555 365 672 420 παρα
705 365 934 419 Κρουνοὺς
961 365 1034 408 καὶ
1063 363 1256 406 Χάλκιδα
1285 361 1628 415 καλλιρέεθρον]

422 420 590 465 Λύσετό
617 421 659 466 τ’
689 422 848 477 ἠέλιος,
878 419 1089 464 σκιόωντό
1117 435 1160 461 τε
1191 422 1324 461 πᾶσαι
1338 417 1517 486 ἀγυιαί·

344 475 371 529 ἡ
401 478 446 520 δὲ
477 478 586 528 Φεοὶς
614 478 861 533 ἐπέβαλλεν,
890 476 1140 546 ἐπειγομένη
1169 474 1275 524 Διὸς
1303 473 1437 530 οὔρῳ,

343 532 418 603 η’δὲ
445 535 551 586 παρ’
569 534 724 577 Ἤλιδα
753 536 875 583 δῖαν,
904 533 978 576 ὅθι
1006 532 1264 585 κρατέουσιν
1288 529 1456 573 Ἐπειοί.

343 589 470 632 ἔνθεν
497 589 539 632 δ’
570 593 624 633 αὐ
654 589 854 644 νήσοισιν
883 589 1136 657 ἐπιπροέηκε
1164 591 1338 656 θοῇσιν,

231 649 312 689 300
341 643 581 701 ὁρμαίνων,
612 646 640 703 ἤ
668 662 742 690 κεν
769 645 965 689 θάνατον
995 643 1153 701 φύγοι,
1183 642 1210 699 ἤ
1240 658 1315 686 κεν
1345 641 1473 698 ἁλῴη.
1506 667 1557 672 —

389 746 519 781 interea
552 748 694 790 Ulysses
726 748 867 782 Eumaei
900 749 1106 782 voluntatem
1137 745 1337 791 experitur,
1370 744 1404 777 in
1437 743 1554 777 urbem
1586 750 1732 786 pergere
1763 749 1799 770 se

313 792 398 826 velle
423 793 556 834 dicem,
580 798 619 827 ut
638 794 687 828 ibi
709 795 898 835 mendicet,
924 795 978 828 vel
1002 793 1091 838 apud
1117 802 1239 837 procos
1263 790 1465 835 Penelopae.

421 871 490 912 Tm*
521 869 560 913 δ’
593 867 688 914 αὖτ’
722 873 767 915 ἐν
796 873 938 929 κλισίῃ
965 871 1169 920 Ὀδυσεύς
1196 870 1270 913 καὶ
1299 871 1392 919 δῖος
1423 864 1620 922 ὑφορβὸς

337 928 586 995 δορπείτην·
616 928 737 982 παρὰ
766 931 812 970 δέ
842 941 947 982 σφιν
976 927 1184 980 ἐδόρπεον
1212 925 1359 978 ἀνέρες
1389 924 1527 967 α’λλοι.

333 981 470 1036 αὐτὰρ
500 981 589 1024 ἐπεὶ
616 983 772 1034 πόσιος
801 985 872 1026 καὶ
901 981 1079 1038 ἐδητύος
1108 983 1150 1032 ἐξ
1179 982 1282 1035 ε’ρον
1312 981 1423 1032 ἕντο,

334 1043 424 1088 τοῖς
453 1037 492 1081 δ’
525 1037 731 1090 Ὀδυσεύς
759 1042 969 1110 μετέειπε,
1002 1035 1202 1093 συβωτεω
1232 1039 1492 1091 πειρητίζων,

221 1095 301 1137 305
331 1095 371 1136 εἴ
379 1110 478 1163 μιν
507 1093 566 1136 ε’τ’
601 1095 813 1147 ἐνδυκέως
842 1095 1008 1162 φιλέοι,
1036 1095 1179 1162 μεῖναί
1207 1109 1252 1135 τε
1281 1093 1449 1135 κελεύοι

332 1148 471 1194 αὐτοῦ
501 1149 564 1192 ἐνὶ
594 1156 798 1208 σταθμῳ,
828 1151 857 1206 ἢ
886 1149 1080 1204 ὀτρύνειε
1108 1148 1308 1192 πόλινδε·

410 1207 641 1258 »Κέκλυθι
669 1212 772 1259 νῦν,
805 1206 993 1262 Εὔμαιε,
1024 1206 1098 1249 καὶ
1127 1205 1250 1248 ἄλλοι
1277 1203 1432 1254 πάντες
1460 1203 1645 1258 ἑταῖροι.
1639 1208 1652 1231 ‘

335 1238 481 1316 ηωὸεν
509 1265 636 1315 προτὶ
667 1264 774 1307 ἄστυ
807 1265 1027 1318 λιλαίομαι
1056 1261 1318 1305 ἀπονέεσθαι

324 1318 616 1386 πτωχεύσων,
637 1322 710 1363 ἵνα
738 1320 796 1376 μή
826 1332 872 1364 σε
900 1318 1155 1374 κατατρύχω
1185 1319 1258 1362 καὶ
1286 1317 1500 1369 ἑταίρους.

216 1379 296 1418 310
327 1373 435 1418 ἀλλά
463 1392 538 1431 μοι
567 1373 616 1420 εὖ
649 1375 701 1420 θ’
734 1376 928 1431 ὑπόθευ,
956 1376 1030 1420 καὶ
1060 1375 1133 1431 ἅμ’
1162 1372 1341 1431 ἡγεμόν’
1371 1372 1533 1417 ἐσθλόν
1561 1370 1771 1420 ὄπασσον,

201 1534 278 1569 293.
327 1535 366 1570 Α.
395 1538 423 1571 1.
449 1540 483 1570 et
510 1537 581 1570 Am.
603 1537 667 1577 Qu
692 1536 955 1596 ἐπαιγίζον-

156 1592 207 1614 τα
232 1580 287 1623 (11.
304 1580 349 1626 β’,
370 1581 467 1623 148)
501 1580 771 1640 Ἀριστοιῑιοὲνηςἶ
796 1583 954 1619 ἐπαίσ-

156 1636 310 1660 σοντα.
349 1628 495 1670 αἰγίδας
518 1627 636 1673 ε’λεγον
660 1630 726 1670 τοὶς
751 1627 823 1674 υφ’
852 1627 954 1674 ἡμῶν

155 1672 245 1715 (scil.
265 1673 473 1728 λεγομένας)
488 1677 714 1728 καταιγίδας
736 1689 767 1710 ιι.
787 1675 954 1720 σφοδρὰς

153 1716 271 1758 πνοάς
292 1721 365 1752 τῶν
388 1716 524 1754 αελλῶν
548 1722 660 1764 (Ama
685 1723 883 1765 θυελλών).
917 1734 951 1756 v.

154 1774 232 1799 ann.
270 1764 311 1797 ad
343 1765 384 1798 ΙΙ.
415 1764 469 1808 α’,
494 1768 572 1801 202.
598 1774 634 1801 et
657 1768 736 1804 404.
762 1788 805 1794 -
846 1766 952 1802 οἷνύ·

155 1820 220 1844 σει
233 1821 259 1852 ε,
281 1817 506 1853 percurreret.
542 1813 668 1857 braeh)
672 1814 761 1857 1οςιᾶ
781 1825 843 1870 pro
863 1812 950 1848 οἶνύ-

152 1855 378 1945 ἓεᾘιεέἀὶδὲὶῐιὲ
385 1855 584 1903 θαλάσσης.
608 1878 651 1883 -
685 1858 782 1903 αλμ.
813 1874 836 1895 v
819 1858 906 1895 “6⁶0
919 1873 950 1905 ρ.

103 2007 105 2009 ,
195 1971 274 2007 295.
308 1982 425 2005 versus
447 1971 498 2005 bis
515 1971 672 2006 laudatus
684 1973 857 2015 Straboni,
876 1973 950 2016 pri-

151 2029 236 2051 mum
260 2018 305 2057 8.‚
329 2019 375 2058 3.,
401 2028 434 2060 p.
462 2020 537 2055 166.
561 2018 613 2051 ed.
636 2020 802 2061 Tauchn„
826 2019 949 2052 deinde

150 2065 218 2104 10.‚
243 2064 273 2096 1.
265 2087 288 2105 .,
313 2075 348 2107 p.
372 2063 472 2105 324„
497 2075 563 2108 quo
588 2065 662 2098 loco
687 2065 810 2108 legitur
835 2068 947 2099 Χαλκ.

148 2108 379 2152 πετρήεσσαν.
437 2121 532 2153 quem
573 2121 705 2144 versum
752 2111 950 2156 repudiavit

148 2154 354 2198 Knightius,
391 2156 434 2187 W
470 2155 599 2189 uncinis
623 2156 778 2195 inclusit,
813 2158 841 2190 B
875 2169 947 2190 sme

150 2200 360 2233 dubitatione
382 2199 534 2241 inseruit,
559 2212 619 2234 nos
640 2203 829 2246 ponendum
854 2203 947 2236 arbi-

149 2250 276 2279 tramur
301 2254 379 2290 post
402 2247 502 2287 291„
537 2252 572 2280 et
605 2259 725 2281 versus
749 2250 866 2282 292—
878 2247 946 2283 294

149 2290 301 2324 omisisse
324 2297 480 2335 putamus
505 2292 766 2338 Geographum‚
790 2306 854 2328 non
880 2306 945 2338 quo

148 2337 306 2370 abessent
325 2336 367 2370 ab
387 2338 460 2380 ejus
480 2339 662 2381 exemplari
678 2341 860 2373 carminum
875 2340 946 2373 Ho-

146 2382 356 2424 mericorum,
380 2383 438 2416 sed
457 2383 536 2427 quia
553 2384 636 2417 nihil
655 2387 878 2419 conferebant
901 2386 944 2420 ad

147 2427 369 2483 propositum.
404 2428 454 2461 sic
470 2434 580 2462 autem
597 2429 653 2464 ine
670 2432 715 2472 8,
731 2433 778 2472 3.,
797 2444 829 2476 p.
845 2432 943 2466 154³

147 2471 225 2508 εἶτα
260 2470 302 2508 τὸ
333 2474 492 2518 διεῖργον
524 2472 610 2518 ὄρος
642 2478 707 2520 τῆς
743 2479 945 2532 Τριφυλίας

145 2517 212 2575 τὴν
229 2521 437 2554 Μακιστίαν
457 2519 529 2555 ἀπὸ
549 2523 614 2565 τῆς
628 2521 846 2563 Πισάτιδος·
871 2520 945 2558 εἶτ’

146 2562 253 2606 αλλος
295 2564 459 2610 ποταμός
499 2567 693 2610 Χαλκὶς,
734 2571 794 2604 καὶ
830 2570 942 2626 κρήνη

145 2611 374 2667 Κρουνοὶ,
398 2626 430 2647 ιι.
453 2614 620 2648 κατοικία
642 2616 826 2656 Χαλκὶς,
850 2630 881 2650 ιι.
900 2614 942 2651 τὸ

145 2654 313 2712 Σαμικὸν
333 2656 425 2701 μετὰ
448 2660 578 2701 ταῦτα,
602 2658 698 2695 ὅπου
721 2662 762 2695 τό
786 2659 943 2704 μαλιστα

143 2701 346 2760 τιμώμενον
369 2705 438 2740 τοῦ
463 2707 611 2750 Σαμίου
634 2708 870 2749 Ποσειδῶνος
895 2708 943 2743 ιε-

143 2747 212 2793 ρόν
235 2754 302 2784 etc.

186 2817 267 2853 296.
313 2816 357 2864 β’,
381 2819 448 2854 388
472 2822 538 2854 etc.

187 2886 409 2921 297—3oo.·
448 2886 585 2928 Φεοὶς,
632 2899 654 2922 a
682 2892 792 2922 -recto
836 2887 937 2923 Φεαί.

146 2929 257 2967 Φειὰν
280 2932 368 2967 dixit
389 2931 430 2968 11.
450 2931 497 2978 η’,
514 2934 592 2975 135,
616 2933 675 2967 ubi
695 2946 728 2969 v.
746 2945 823 2968 ann.
856 2945 937 2979 pro-

1001 1533 1201 1569 montorium
1214 1534 1285 1577 ejus
1297 1529 1611 1573 nominisintelligo.
1620 1547 1666 1553 —-
1684 1525 1736 1562 επ
1746 1538 1762 1561 ε
1773 1540 1803 1560 ι-

1000 1579 1188 1636 γομένη.
1234 1580 1361 1613 Strabo
1384 1579 1440 1618 8.,
1472 1588 1505 1620 p.
1532 1577 1631 1611 166:
1668 1573 1802 1628 ἀγαλ-

1000 1625 1181 1682 λομένη.
1207 1645 1251 1651 —-
1293 1621 1441 1668 ἠδὲ-
1461 1621 1654 1657 Ἐπειοί.
1695 1631 1729 1653 v.
1754 1617 1798 1662 ν’,

999 1675 1078 1713 275,
1103 1671 1154 1714 ω’,
1170 1673 1248 1706 430.
1269 1690 1315 1694 —-
1348 1671 1420 1703 Am.
1441 1669 1485 1709 Q.
1504 1668 1594 1702 etB.
1606 1664 1796 1722 ενήσοι-

999 1729 1074 1752 σιν
1097 1717 1125 1752 ε’.
1151 1717 1345 1761 θοησιι.
1379 1718 1459 1753 ταῖς
1470 1714 1630 1755 Ὀξείαις
1654 1711 1797 1756 λεγομέ-

997 1777 1079 1804 ναις
1094 1763 1374 1817 μεταληπτικιῦς.
1407 1760 1531 1794 Strabo
1552 1759 1574 1793 1.
1593 1771 1622 1792 c.
1643 1758 1721 1791 libri
1744 1760 1794 1793 8.=

1001 1809 1122 1850 Θοας
1145 1811 1266 1852 εἴρηκε
1289 1808 1355 1845 τας
1372 1805 1531 1850 Ὀξείας·
1555 1817 1630 1839 των
1652 1801 1797 1848 Ἐχινά-

999 1857 1075 1890 δων
1105 1853 1140 1891 δ’
1174 1854 1264 1891 εἰσὶν
1294 1851 1427 1894 αὗται,
1443 1850 1723 1907 πλησιάζουσαι
1752 1851 1798 1895 τῇ

997 1901 1090 1959 ἆρχῇ
1114 1903 1182 1936 τοῦ
1206 1900 1459 1954 Κορινθιακοῦ
1479 1901 1632 1938 κόλπου,
1658 1910 1691 1931 ιι.
1715 1900 1798 1936 ταῖς

998 1947 1164 1991 ἐκβολαῖς
1193 1949 1262 1982 τοῦ
1285 1945 1340 1992 'Ax
1343 1944 1470 1982 ελώου.
1517 1945 1561 1977 cf.
1587 1955 1664 1977 ann.
1691 1943 1735 1976 ad
1754 1943 1796 1978 ΙΙ.

995 1993 1049 2040 β’,
1072 1996 1150 2046 625.
1202 1995 1252 2027 E:
1286 1993 1327 2028 τό
1362 1990 1402 2027 δὲ
1433 1990 1685 2047 ἐπέβαλλεν
1714 1987 1798 2025 ἀντὶ

994 2041 1063 2075 τοῦ
1093 2039 1272 2084 εὐστόχως
1305 2054 1336 2075 ιι.
1363 2037 1537 2081 ἐπιτυχῶς
1570 2036 1714 2077 ε’πλεεν,
1746 2031 1795 2076 ὥς
1840 2039 1841 2074 j

994 2085 1033 2121 ἐκ
1059 2089 1130 2121 τοῦ
1152 2087 1320 2131 βάλλειν,
1349 2082 1371 2119 ὃ
1405 2086 1513 2128 δηλοῖ
1535 2081 1577 2116 τὸ
1603 2079 1796 2125 ἐπιτυγχά-
1839 2106 1841 2112 .

993 2146 1080 2167 νειν.
1131 2132 1342 2189 Porphyrius
1368 2131 1509 2171 Quaest.
1529 2128 1629 2162 Hom·
1656 2130 1710 2169 1.‚
1734 2139 1794 2160 no-

993 2184 1087 2212 tante
1113 2177 1396 2234 01.·ἐπήβολος
1427 2175 1596 2219 σημαίνει
1627 2173 1693 2209 τὸν
1716 2172 1794 2208 ἐπι-

993 2226 1084 2268 τυχῆ
1108 2239 1139 2258 ιι.
1164 2223 1328 2279 ἐγκρατῆ,
1356 2221 1429 2258 ἀπὸ
1455 2222 1520 2265 τῆς
1540 2222 1652 2265 βολῆς
1675 2233 1704 2254 ιι.
1722 2220 1791 2255 τοῦ

993 2270 1156 2312 βάλλειν,
1189 2266 1209 2305 ὃ
1241 2270 1409 2326 σημαίνει
1440 2267 1482 2302 τὸ
1512 2267 1702 2324 τυγχάνειν
1724 2267 1794 2302 τοῦ

993 2317 1134 2351 σκοποῦ
1168 2322 1233 2350 etc.
1268 2336 1307 2340 —-
1360 2313 1622 2358 ὁρμαίνων,
1654 2311 1791 2356 ὁρμῶν,

991 2364 1166 2406 impellens
1199 2373 1330 2395 navem.
1380 2361 1435 2395 sel
1463 2361 1648 2416 cogitans,
1685 2364 1722 2393 ut
1744 2358 1788 2402 γ’,

993 2410 1088 2443 151.:
1123 2407 1261 2452 χαλεπα
1294 2407 1422 2449 φρεσὶν
1454 2403 1691 2461 ὁρμαίνοντες
1721 2401 1790 2439 Ἀλ-

988 2454 1122 2508 λήλοις.
1170 2454 1231 2487 sed
1267 2454 1375 2488 altera
1405 2463 1511 2497 magffs
1541 2451 1656 2497 placet
1687 2451 1789 2485 ratio.

990 2519 1032 2525 —
1057 2498 1080 2542 ἦ
1108 2512 1186 2534 κεν
1206 2517 1250 2524 -
1262 2498 1324 2541 ,ἥ
1348 2511 1446 2541 ιιεν,
1470 2500 1624 2538 sive—,
1647 2497 1787 2532 sive—.

989 2546 1028 2580 11.
1052 2545 1097 2590 γ’,
1121 2547 1210 2587 239,
1234 2544 1314 2581 240.

1032 2615 1112 2650 303.
1160 2611 1206 2657 α’,
1232 2615 1308 2649 150.

1033 2670 1113 2707 304.
1158 2669 1205 2713 ξ’,
1230 2669 1308 2705 459.

1032 2729 1156 2763 305-
1168 2729 1246 2764 309.
1295 2723 1446 2761 heva.
1471 2720 1658 2780 φιλέοι.
1703 2719 1784 2762 491,

987 2772 1028 2816 ξ,
1051 2775 1096 2808 62
1116 2780 1180 2808 etc
1201 2793 1244 2798 —
1275 2768 1570 2815 κατατρύχω,
1597 2773 1781 2809 conteram,

986 2830 1029 2853 ne
1051 2820 1114 2854 tibi
1137 2819 1386 2854 incommodem.

1029 2889 1108 2923 310.
1155 2884 1344 2922 υπόθευ
1370 2883 1432 2928 (α’,
1455 2885 1523 2920 279
1544 2883 1781 2940 etc)‚mone‚

985 2933 1133 2967 consule.
1157 2951 1200 2959 -—
1234 2932 1352 2966 Harl.·
1377 2944 1431 2977 γρ.
1454 2926 1589 2973 καίμ’
1614 2924 1781 2973 ἡγεμό-
