1846 3282
542 116 1125 158 ΟΛΥΣΣΕΙΑΣ
1180 117 1231 156 Κ.

1663 121 1720 161 55

123 234 201 275 160
231 225 457 297 πιόμενος·
484 225 544 294 δή
574 224 659 281 γάρ
689 242 764 280 μιν
793 225 887 280 ε’χεν
915 223 1047 278 μένος
1074 223 1252 279 ἠελίοιο

231 284 311 327 τόν
340 281 384 325 δ’
414 281 497 336 ἐγώ
529 283 793 337 ἐκβαίνοντα
822 279 918 324 κατ’
950 280 1158 335 ἄκνηστιν
1187 282 1296 334 μέσα
1325 285 1444 326 νῶτα

187 345 205 365 *
233 340 393 411 πλῆξα·
423 338 473 381 τὸ
503 338 546 381 δ’
576 338 760 393 ἀντικρὺ
791 337 902 392 δόρυ
931 337 1115 406 χάλκεον
1146 337 1380 409 ἐξεπέρησε,

230 394 358 441 κάδδ’
389 393 506 438 ἐ’πεσ’
535 395 583 438 ἐν
613 398 789 452 κονίῃσι
817 410 995 446 μακων,
1024 392 1110 436 από
1141 392 1182 435 δ’
1213 394 1370 437 ἔπτατο
1399 397 1558 452 θυμός.

233 457 294 510 τῷ
323 450 376 494 δ’
404 450 488 506 ἐγώ
524 438 744 506 ἐμβαίνων
765 450 883 508 δόρυ
911 449 1096 506 χαλκεον
1125 449 1168 500 ἐξ
1198 450 1373 505 ω’τειλῆς

120 514 199 556 165
229 498 479 579 εἰρυσάμην.
533 508 583 552 τό
614 509 693 563 μὲν
723 509 832 551 αὑθι
861 508 1122 557 κατακλίνας
1152 506 1218 550 ἐπὶ
1246 509 1350 575 γαίῃ

230 563 365 610 εἵαθ’·

399 564 540 637 αὐταρ
572 565 656 620 ἐγω
676 564 920 635 σπασάμην
951 562 1099 633 ῥῷπάς
1127 579 1194 611 τε,
1221 563 1385 633 λύγους
1413 580 1470 613 τε,

225 627 385 675 πεῖσμα
414 619 483 673 δ’,
513 623 619 665 ὅσον
647 619 687 664 τ’
718 620 924 675 ὄργυιαν,
962 620 1194 673 ἐϋστρεφὲς
1224 618 1542 687 ἀμφοτέρωθεν

226 677 490 732 πλεξάμενος
519 678 731 732 ξυνέδησα
761 676 900 727 πόδας
930 677 1092 719 δεινοῖο
1122 675 1336 729 πελώρου.

223 738 308 791 βῆν
337 735 384 778 δὲ
413 733 742 789 καταλοφάδεια
771 733 921 787 φέρων
952 733 1020 776 ἐπὶ
1049 736 1135 788 νῆα
1149 732 1386 804 μέλαιναν,

113 797 194 837 170
224 792 335 864 ἔγχει
361 790 656 860 ἐρειδόμενος,
687 790 774 833 ἐπεὶ
805 790 953 839 οὔπως
982 791 1059 860 ἠεν
1089 787 1160 832 ἐπ’
1193 789 1347 847 ω’μου

223 848 350 917 χειρὶ
362 849 515 902 φέρειν
544 846 690 904 ετέρῃ·
729 845 844 901 μάλα
876 845 962 900 γὰρ
990 845 1104 916 μέγα
1129 848 1291 900 θηρίον
1318 848 1409 901 ἠεν.

193 903 350 950 κάδδ’
383 904 545 975 ε’βαλρν
571 901 848 958 προπάροιθε
877 903 997 957 νεὸς,
1018 902 1232 973 ανέγειρα
1263 902 1309 946 δ’
1338 903 1541 956 εταίρους

220 962 444 1022 μειλιχίοις
473 960 640 1004 ἐπέεσσι
672 959 980 1014 παρασταδὸν,
1012 957 1155 1010 α’νδρα
1185 959 1369 1003 ἕκαστον
1393 971 1424 984 ·“

312 1016 388 1066 ,Ὠ
417 1017 647 1072 φίλοι,οὐ
676 1016 762 1073 γάρ
792 1032 859 1060 πω
888 1016 1244 1074 καταδυσόμεθ’,
1276 1015 1513 1072 ἀχνύμενοί
1541 1032 1641 1072 περ,

106 1078 187 1120 175
217 1076 278 1124 εἰς
299 1073 450 1117 Ἀΐδαο
462 1074 684 1146 δόμους,
702 1074 807 1129 πρὶν
834 1073 1069 1129 μόρσιμον
1082 1091 1197 1128 ημαρ
1229 1073 1401 1128 ἐπέλθῃ,

220 1129 317 1174 ἀλλ’
350 1129 493 1186 ἄγετ’,
525 1130 634 1186 ὄφρ’
667 1131 715 1174 ἐν
743 1132 821 1185 νηϊ
846 1135 937 1187 θοῇ
968 1132 1130 1184 βρῶσίς
1160 1146 1226 1180 τε,
1253 1130 1381 1182 πόσις
1410 1146 1468 1183 τε,

1255 1190 1272 1198 α-

218 1187 474 1244 μνησόμεθα
503 1189 703 1244 βρώμης,
734 1188 839 1242 μηδὲ
869 1187 1130 1242 τρυχώμεθα
1159 1191 1322 1245 λιμῳ.“

691 1289 785 1323 laute
809 1289 1006 1333 epulantur.

290 1356 385 1401 *2⁸52
443 1357 456 1372 9
514 1356 525 1368 t
633 1372 642 1382 ,
710 1359 722 1373 ι·
784 1355 794 1371 2
847 1351 862 1367 ‘⁵'
959 1359 968 1374 ι
1030 1361 1048 1369 ιν
1101 1356 1113 1372 2
1158 1355 1167 1370 r
1334 1357 1342 1372 ι

389 1374 409 1409 ς
439 1374 615 1414 εφαμην
679 1374 718 1401 οι
752 1358 777 1401 δ
827 1374 920 1400 ωκα
951 1373 1066 1412 εμοις
1096 1367 1264 1400 επεεσσι
1293 1361 1490 1408 πιθοντο,

46 1503 223 1537 epascuo.
265 1492 305 1528 11.
333 1492 356 1527 ι’
364 1495 466 1535 ,217
491 1498 556 1527 etc.
588 1513 631 1518 —
680 1491 849 1547 πιόμε-

46 1552 149 1583 νος,
170 1521 377 1596 ρκῖοταιιιηιε
406 1540 533 1595 111ειιῐ1ι.
557 1542 589 1581 §.
609 1542 686 1575 180.
711 1559 753 1564 -
789 1537 845 1583 δὴ

43 1585 155 1631 γὰρ,
179 1583 253 1641 ἤδη
276 1599 308 1629 γ.
334 1605 380 1610 -
406 1584 525 1629 ε’χεν,
549 1585 720 1626 habebat,
746 1586 846 1619 inva-

40 1638 148 1668 serat.
184 1631 231 1674 α’,
255 1633 311 1674 95,
334 1629 388 1673 θ’,
411 1631 491 1666 344.

88 1680 283 1721 161‚162.
332 1676 433 1713 κατ’
467 1676 720 1734 ἄκνηστιν
769 1678 842 1711 Αιιι.

40 1725 106 1766 Q.=
133 1744 179 1750 —
202 1726 261 1760 δεῖ
281 1723 474 1769 γινώσκειν
498 1721 557 1759 ὅτι
581 1722 694 1765 αὐτὸς
718 1721 845 1768 ἕπεξη

39 1774 177 1816 γεῒται,
195 1767 234 1827 ἥ
260 1771 358 1807 ἐστιν
381 1770 573 1828 ἄκνηστις,
608 1769 674 1806 διὰ
696 1770 766 1804 τοῦ
798 1771 850 1804 εἰ-

40 1821 126 1853 πεῖν
148 1815 267 1861 μέσα
290 1819 441 1855 νῶτα,
473 1812 559 1862 ἦτοι
582 1815 604 1861 ἡ
632 1815 736 1860 ῥάχις
755 1814 782 1871 ἢ
802 1816 848 1851 τοὶ

40 1864 135 1919 μέσα
164 1865 241 1898 ταῖν
279 1862 539 1920 τετραπόδων,
584 1862 689 1906 παρὰ
722 1860 764 1898 τὸ
796 1861 848 1908 μὴ

40 1908 233 1945 δύνασθαι
255 1908 477 1955 κνήσασθαι.
533 1910 692 1944 similiter
716 1911 780 1955 Ap.
812 1915 849 1943 et

42 1956 121 1998 alii3
153 1956 272 2002 inepte
297 1957 453 2014 quldem3
485 1957 709 2001 suspicorque
732 1955 847 2001 potius

41 2007 175 2049 partem
205 2003 296 2037 illam
332 2015 508 2049 ακνηστιν
540 2003 746 2047 appellatam
771 2013 847 2036 esse

39 2054 250 2094 propterea,
285 2051 376 2094 quod
401 2062 506 2094 aegre
531 2050 647 2083 ferunt
671 2048 842 2092 animalia,

0 2109 1 2122 ι
39 2095 71 2129 εἰ
95 2095 247 2129 homines
271 2107 342 2129 eam
368 2101 543 2137 atterunt,
577 2095 733 2139 quamvis
767 2094 843 2139 ipsa

38 2140 73 2174 id
109 2141 242 2175 soleant
274 2142 392 2176 facere
425 2143 480 2176 vel
511 2141 703 2198 voluptatis
728 2152 843 2181 causa,

40 2187 96 2221 vel
120 2199 206 2232 per
216 2198 384 2222 venerem.
410 2208 455 2214 —
495 2185 708 2232 ἀντικρύ.
741 2187 843 2221 etiam

35 2232 116 2315 gg}
118 2233 228 2268 malim
254 2232 440 2281 ἄντικρύς.
491 2247 526 2270 v.
551 2246 628 2268 ann.
661 2233 706 2269 ad
730 2234 771 2269 ll,
798 2230 842 2278 γ’,

84 2326 162 2361 163.
210 2325 251 2360 11.
274 2323 325 2371 π,
350 2327 431 2365 469.

83 2373 204 2407 166—
214 2372 293 2408 173.
347 2375 419 2408 Αιιι.
444 2373 489 2414 Q.
514 2376 551 2408 et
582 2372 638 2413 Β,
670 2375 705 2405 et
738 2370 841 2407 sch.-

37 2414 204 2459 ῥῶπάς
235 2430 306 2461 τε,
336 2421 367 2454 λ.
402 2431 460 2455 τε
510 2416 700 2463 ἱμαντώδη
726 2416 841 2462 φυτᾶ,

35 2460 224 2519 ἐπιμήκεις
241 2477 274 2499 κ.
295 2462 532 2510 ενκοὶμπτους
553 2465 717 2512 ῥάβδους
740 2464 841 2507 ἔχον-

34 2521 93 2544 τα.
127 2521 161 2544 v.
186 2508 220 2552 ι’,
248 2510 325 2549 427,
350 2512 390 2545 11.
416 2525 462 2554 ν,
490 2513 565 2547 199.
600 2531 643 2537 —
693 2508 838 2546 πελώ-

33 2567 131 2600 ρον,
145 2537 301 2591 monstri.
325 2555 366 2599 λ’,
383 2559 462 2601 633,
479 2558 519 2592 11.
537 2556 575 2600 ε’,
593 2557 673 2598 741,
691 2555 736 2602 β’,
754 2558 833 2592 321

32 2603 367 2645 ct.171‚180.—
407 2584 479 2638 Αιιί.
514 2604 559 2644 Q.
583 2604 734 2637 emenda
759 2615 833 2637 κα-

29 2647 321 2693 ταλοφαδια.
366 2650 446 2692 (sic
487 2650 568 2684 libri
605 2651 726 2684 Hom:
772 2649 833 2682 sed

27 2693 133 2729 schol.
158 2706 265 2740 marg.
299 2695 427 2729 codicis
450 2695 569 2730 Harl..
599 2686 833 2737 καταλλοφοὶ-

28 2741 129 2783 ὕεια,
157 2741 395 2787 superscripto
428 2742 472 2786 ϊ.)
510 2739 593 2776 ἀντὶ
617 2744 684 2777 τοῦ
720 2755 834 2776 κατα-

25 2788 226 2842 λοφαδίως.
274 2788 344 2832 (Ez
380 2807 423 2812 —
470 2786 512 2822 τὸ
549 2787 589 2824 δε
626 2790 742 2824 εἰπεῖν
781 2801 832 2829 ως

27 2832 164 2869 ταυτόν
196 2832 272 2869 ἐστι
303 2832 566 2878 καταλοφάδια
597 2848 628 2868 κ.
660 2847 830 2892 κατωμα-

27 2878 117 2922 δὸν,
147 2880 325 2937 α’σφαλῶς
355 2879 438 2924 ἔχει.
466 2882 530 2937 -)
566 2878 684 2922 οὕτως
709 2879 748 2916 ὁε
775 2882 835 2917 δεῖ

25 2928 145 2968 νοεῖν,
170 2925 227 2964 ὅτι
252 2926 427 2973 ἐβάσταζε
451 2925 518 2971 τὴν
544 2926 681 2971 ἔλαφον
706 2925 726 2963 6
749 2925 830 2964 Ὀδ.

23 2952 158 3016 μεταξύ
183 2975 250 3020 τῆς
272 2976 434 3020 κεφαλῆς
456 2987 489 3009 κ.
513 2974 588 3009 τῶν
612 2985 735 3019 ωμων.
768 2975 830 3019 μέ-

896 1504 961 1528 σον
985 1506 1055 1538 γαρ
1079 1495 1155 1528 τῶν
1179 1493 1309 1528 ποδῶν
1333 1493 1407 1527 ταῖν
1431 1488 1510 1526 ἅνω
1536 1490 1614 1535 ε’σχε
1638 1488 1705 1532 τήν

895 1541 999 1575 ἰδίαν
1028 1553 1066 1574 κε
1071 1537 1190 1585 φαλὴν
1223 1537 1243 1574 6
1266 1537 1350 1574 Ὀδ.
1375 1542 1515 1582 κατεῖχε
1541 1537 1582 1572 δε
1616 1550 1704 1577 τοι-ς

895 1583 965 1621 δύο
1011 1585 1134 1627 πόδας
1172 1583 1481 1629 συνδεδεμένους,
1517 1588 1599 1624 ταῖς
1631 1582 1703 1619 δύο

892 1631 990 1677 χερσὶ
1016 1631 1312 1687 σκηριπτόμενος
1329 1631 1378 1677 τῷ
1406 1630 1546 1676 δόρατι.
1573 1631 1615 1664 de
1638 1629 1704 1666 λό-

894 1692 953 1723 φῳ
988 1689 1021 1712 V.
1046 1691 1123 1714 ann.
1147 1679 1190 1711 ad
1215 1679 1255 1711 Il.
1281 1675 1324 1719 κ’,
1356 1668 1438 1714 573.
1472 1697 1518 1703 —-
1557 1690 1701 1721 παρα-

893 1723 1086 1760 σταδόν.
1113 1724 1257 1780 547,11.
1287 1722 1329 1765 θ’,
1358 1726 1416 1760 22.

945 1771 1057 1806 174-
1062 1773 1138 1807 177.
1165 1768 1221 1804 06
1246 1769 1334 1815 γοῖρ
1359 1783 1425 1804 πω
1449 1767 1700 1823 -ἒπέλθῃ,

897 1817 1068 1851 sententia
1093 1817 1239 1851 causalis
1264 1819 1382 1862 priore
1406 1817 1480 1850 loco
1505 1815 1637 1860 posita,
1664 1821 1702 1850 ut

897 1866 977 1906 190,
1002 1865 1081 1905 226,
1109 1862 1145 1907 ι’,
1176 1865 1245 1919 319
1279 1869 1316 1897 et
1349 1875 1454 1919 saepe
1481 1862 1576 1896 alias.
1625 1865 1698 1896 Am.

897 1910 941 1950 Q.
966 1910 1118 1944 emend.:
1162 1909 1258 1949 τινές
1284 1921 1399 1953 φασιν
1432 1906 1489 1944 ὅτι
1522 1907 1598 1943 ἀπὸ
1630 1909 1701 1944 τοῦ

894 1954 984 2000 γάρ
1008 1955 1157 2013 ἤρξατο.
1192 1954 1261 2001 ἐγω
1286 1955 1325 1990 δε
1348 1956 1474 1998 οἴομαι
1492 1953 1548 1991 ὅτι
1568 1953 1589 1999 ἡ
1613 1953 1700 1990 σύν-

891 2003 997 2045 ταξις
1033 2001 1153 2043 οὕτως
1187 2002 1275 2059 ἔχει
1292 2000 1330 2048 (ἦ
1364 2001 1482 2038 ἀλλὰ
1516 1999 1598 2036 ἀντὶ
1632 2002 1701 2037 τοῦ

891 2048 988 2093 δή)·
1017 2063 1043 2084 ω
1073 2051 1225 2095 φίλοι,
1253 2047 1390 2094 ἄγετε
1414 2047 1484 2093 δὴ,
1511 2044 1625 2092 ὄφρ’
1653 2047 1699 2084 ἐν

890 2095 975 2152 νηῒ
1004 2097 1068 2142 βρ.
1094 2108 1142 2131 τε
1178 2107 1217 2131 π.
1251 2107 1317 2137 τε,
1350 2106 1489 2153 μνησ.
1514 2096 1570 2140 βρ
1575 2105 1605 2128 .·
1641 2093 1699 2131 ου’

890 2142 978 2187 γάρ
1003 2156 1069 2177 πω
1094 2142 1338 2184 καταδνσ.,
1373 2140 1458 2185 ἤτοι
1481 2139 1698 2177 κατελευσό-

890 2191 992 2231 μεθα
1015 2203 1048 2224 κ.
1072 2187 1330 2232 κατέλθωμεν,
1367 2201 1464 2246 αχν.
1487 2200 1591 2232 περ,
1625 2189 1698 2229 εἰς

888 2233 935 2270 Ἀ.
971 2234 1176 2280 δόμους,
1211 2235 1325 2278 πρὶν
1355 2247 1394 2289 μ.
1427 2230 1548 2280 ἦμαρ
1574 2232 1695 2269 ἐπελ-

888 2284 1010 2316 θεῖν.
1052 2283 1096 2316 cf.
1124 2282 1178 2324 E,
1215 2281 1273 2327 qui
1306 2284 1341 2315 et
1365 2281 1439 2327 ipse
1463 2281 1550 2325 legit
1572 2279 1696 2316 ἐπελ-

888 2330 1009 2363 θεῖν.
1059 2329 1127 2362 alia
1161 2329 1213 2360 est
1243 2327 1331 2361 ratio
1366 2339 1487 2362 versus
1510 2329 1589 2362 20⁶³.
1583 2353 1605 2369 .‚
1638 2327 1695 2361 ubl

888 2387 925 2408 v.
949 2386 1027 2408 ann.
1054 2394 1100 2399 —-
1129 2373 1449 2429 βρωσίςτεπ.
1474 2386 1532 2408 τε.
1558 2372 1603 2414 α’,
1629 2374 1693 2408 191

888 2427 955 2454 etc.
980 2440 1025 2445 —
1060 2419 1268 2466 βρώμης.
1293 2421 1362 2456 379
1387 2425 1453 2454 etc.
1488 2420 1635 2453 babetur
1660 2423 1696 2453 et

887 2466 990 2500 tertia
1023 2467 1132 2501 forma
1166 2465 1348 2521 βρωτῦς
1387 2465 1432 2507 σ’,
1471 2464 1549 2500 407.
1588 2470 1623 2499 et
1653 2465 1692 2500 Il.

886 2512 1034 2555 z'‚.905
1063 2525 1259 2556 -τρυχ.
1286 2491 1432 2570 α’”’,288
1452 2517 1518 2546 etc.
1716 2530 1722 2534 «

933 2560 1011 2593 178.
1060 2559 1176 2592 Schol.
1192 2559 1306 2592 Harl..
1335 2557 1372 2592 ἓν
1391 2569 1462 2592 τισι
1480 2556 1521 2591 τὸ
1543 2569 1596 2591 ου
1608 2570 1693 2598 τως

885 2603 1048 2650 φέρεται.
1098 2605 1166 2639 Pro
1204 2600 1292 2639 ὦκα.
1324 2605 1462 2637 Porson.
1489 2603 1575 2636 haud
1606 2603 1692 2636 male

884 2651 1017 2707 quidem
1053 2655 1088 2685 et
1125 2651 1181 2685 hic
1213 2656 1250 2684 et
1283 2651 1426 2683 inferius
1455 2647 1535 2684 428.
1561 2650 1692 2683 diceret

885 2695 1061 2732 ου’τωέ
1088 2695 1116 2732 ἓ.
1141 2698 1376 2736 πίθοντο,
1402 2696 1449 2728 sic
1473 2696 1557 2728 meis
1581 2696 1692 2729 verbis

878 2745 1063 2788 parebant,
1084 2744 1115 2776 h.
1135 2756 1165 2779 e.
1187 2745 1285 2776 rebus
1302 2743 1354 2776 tta
1373 2743 1592 2784 comparati&
1616 2742 1690 2775 sive

882 2791 948 2823 hac
966 2791 1100 2823 ratione
1122 2789 1276 2828 adducti,
1301 2793 1337 2820 ut
1359 2788 1469 2821 cibum
1490 2792 1665 2842 caperent.

927 2837 1005 2877 179,
1018 2838 1084 2870 180
1122 2838 1193 2869 Αιιι.
1209 2836 1273 2873 Q..
1296 2832 1407 2868 ἐκδὲ
1428 2837 1519 2868 καλ.
1546 2830 1688 2878 &noyv-

876 2881 1095 2940 μνώσαντες
1116 2879 1182 2921 τοὶς
1212 2880 1337 2923 ὄψεις,
1368 2878 1453 2923 ἤτοι
1478 2876 1687 2914 ἀποσκεπα-

879 2928 1028 2968 σθέντες
1052 2941 1098 2961 τα
1124 2928 1204 2962 ἰδια
1225 2925 1387 2969 σώματα,
1415 2925 1452 2961 ἐκ
1475 2928 1543 2962 τοῦ
1565 2923 1687 2962 &mov

879 2974 1098 3022 ἔγερθέντες
1133 2984 1198 3008 non
1224 2978 1293 3007 tam
1319 2973 1555 3015 dormiebant,
1586 2984 1686 3017 quam
