1856 3282
158 106 238 146 188

778 100 1176 143 OMHPOY

322 213 396 256 καί
423 228 498 283 μοι
527 209 646 255 τοῦτ’
678 209 917 267 ἀγόρευσον
944 209 1177 281 ἐτήτυμον,
1210 208 1314 279 ὄφρ’
1343 205 1391 253 εὖ
1421 209 1542 256 εἰδῶ·

322 272 386 320 τίς
416 268 554 312 πόθεν
581 265 641 318 εἷς
668 268 866 336 ἀνδρῶνς
898 265 1005 309 πόθι
1033 283 1102 310 τοι
1129 265 1255 316 πόλις
1281 264 1358 322 η’δὲ
1386 268 1560 322 τοκῆες;

213 329 295 370 190
322 323 508 380 ὁπποίης
538 322 582 367 δ’
612 324 680 366 ἐπὶ
708 324 812 379 νηός
840 322 1019 377 ἀφίκεος
1047 339 1140 374 πως
1171 322 1216 366 δέ
1246 333 1291 366 σε
1319 326 1475 365 ναῦται
1571 335 1574 338 ’

322 382 488 436 ἤγαγον
518 382 577 431 εἰς
599 379 796 436 Ἰθάκην,
823 380 948 448 vives,
964 379 1142 434 ε’μμεναι
1170 377 1476 449 εὐχετόωνται,-

322 437 378 481 ού
407 453 485 492 μεν
511 437 596 492 γάρ
624 438 664 480 τί
694 448 740 479 σε
767 434 895 488 πεζὸν
925 434 1070 492 ὀΐομαι
1101 434 1256 478 ἐνθάδ’
1285 436 1468 478 ἱκέσθαι.
1480 438 1505 459 “

366 540 508 583 Ulysses
530 544 652 583 rogatu
676 537 819 572 Eumaei
842 537 947 571 multa
969 537 1133 582 confingit
1156 537 1345 579 mirabilia,
1378 547 1469 582 quae
1501 535 1568 570 sibi
1596 535 1631 569 in
1656 535 1788 580 longin-

288 584 363 629 quis
385 585 562 618 itineribus
585 584 750 618 accidisse
773 583 868 619 dicit.

398 652 485 695 Τόν
514 650 557 695 6'
585 649 930 706 ἀπαμειβόμενος
958 649 1158 721 προσέφη
1187 650 1441 719 πολύμητις
1447 646 1703 699 Ὀδυσσεύς

318 739 342 758 ,,
333 706 504 762 τοιγάρ
533 707 617 760 ἐγώ
645 724 713 750 τοι
741 711 877 750 ταῦτα
909 706 1007 761 μάλ’
1040 705 1250 759 ἀτρεκέως
1279 704 1517 761 ἀγορεύσω

206 767 287 810 195
318 765 383 834 εἴη
412 764 492 817 μὲν
519 768 602 806 νῦν
629 768 739 806 νῶιν
769 764 837 806 ἐπὶ
865 764 1027 818 χρόνον
1054 761 1163 818 ἠμὲν
1192 763 1346 818 ἐδωδὴ,

314 818 391 874 ἦὸὲ
418 821 533 874 μέθυ
562 819 798 874 γλυκερόν,
827 821 1005 890 κλισίης
1021 819 1224 862 ἔντοσθεν
1253 820 1386 869 ἐοῦσι,

317 878 552 918 δαίνυσθαι
582 875 778 924 ἀκέοντ’,
810 876 934 918 α’λλοι
963 874 1005 917 δ’
1036 875 1105 918 ἐπὶ
1135 877 1242 946 ἔργα
1267 875 1425 927 ἕποιεν,

318 933 495 999 ῥηϊδίως
520 946 596 973 κεν
625 931 768 973 ἔπειτα
796 932 870 973 καὶ
898 933 956 980 εἰς
985 930 1186 974 ἐνιαυτὸν
1214 931 1385 974 ἅπαντα

320 987 418 1030 οὔτι
447 987 729 1042 διαπρηξαιμι
757 987 895 1040 λέγων
924 986 1004 1040 ἐμὰ
1033 987 1166 1041 κήδεα
1196 991 1361 1041 θυμοῦ,

206 1050 288 1090 200
319 1044 429 1086 ὅσσα
456 1059 504 1099 γε
534 1043 588 1100 δη
617 1043 844 1098 ξύμπαντα
873 1047 990 1085 θεῶν
1019 1042 1154 1099 ἰότητι
1185 1042 1366 1099 μόγησα.

306 1133 450 1179 primum
471 1133 607 1168 natione
631 1133 770 1167 cretem
794 1143 831 1166 se
854 1133 972 1177 fingit,
995 1133 1049 1166 rei
1073 1133 1232 1167 nauticae
1255 1137 1289 1168 et
1312 1132 1394 1167 belli
1417 1130 1625 1170 studiosum3

398 1199 505 1253 ,,Ἐκ
533 1201 612 1255 μὲν
639 1200 858 1269 Κρηταων
886 1200 1011 1255 γένος
1041 1200 1221 1256 εὔχομαι
1250 1199 1477 1254 εὐρειάων,

318 1256 476 1328 ἀνέρος
505 1257 705 1313 ἀφνειοῖο
735 1257 855 1327 παῖς·
886 1258 1039 1301 πολλοὶ
1069 1258 1115 1301 δὲ
1143 1258 1216 1301 καὶ
1247 1256 1370 1300 ἄλλοι

317 1314 429 1365 υἱέες
458 1315 505 1357 έν
528 1314 700 1372 μεγάρῳ
730 1313 836 1371 η’μὲν
863 1314 1051 1371 τράφεν,
1079 1312 1154 1370 ἠδ’
1186 1313 1400 1370 ἐγένοντο,

197 1450 262 1485 188
274 1469 314 1474 -
326 1450 403 1485 192.

196 1495 274 1530 194.
322 1495 355 1531 α’
366 1522 376 1538 ,

450 1448 496 1492 α’,
524 1449 730 1487 170-174.

404 1498 469 1532 179
493 1502 560 1531 etc.

197 1543 409 1578 195—200.
449 1542 533 1587 εἴη.
558 1542 664 1577 intell.
684 1544 728 1584 εἰ,
752 1547 789 1577 ut
808 1542 854 1585 δ’,
878 1543 952 1584 110,

149 1587 207 1622 ubi
241 1599 274 1622 v.
307 1600 386 1623 ann.
431 1588 585 1622 similiter
611 1595 801 1623 nostratem
834 1590 953 1623 mitten

148 1635 213 1668 wir
247 1646 313 1667 πιιν
343 1645 465 1679 genug
496 1636 612 1678 Speise
644 1637 715 1668 und
742 1636 859 1668 Trank
891 1646 952 1678 pro

147 1691 247 1714 wenn
270 1680 332 1713 wir
357 1692 420 1714 nur·
447 1692 568 1725 genug
592 1683 650 1724 Sp.
684 1681 755 1714 und
782 1682 840 1714 Tr.
874 1681 953 1713 heit-

148 1731 231 1766 ten3
265 1737 328 1759 nec
352 1726 510 1770 Francog
514 1726 568 1759 alii
602 1732 637 1760 et
667 1726 824 1760 Britanni
853 1726 950 1760 modo

149 1771 207 1805 ἱΙΙο
232 1770 368 1805 dicendi
392 1772 543 1827 elliptico
568 1773 750 1806 abstinent.
775 1791 819 1796 ——
858 1771 952 1805 inso-

148 1818 261 1852 lenter
285 1816 373 1851 dixit
405 1815 602 1853 ἀκέοντε
635 1830 696 1863 pro
713 1816 850 1873 εκήλω.
898 1817 950 1851 E:

149 1862 193 1898 τὸ
210 1861 250 1898 δε
274 1866 383 1898 κλισ.
408 1862 494 1898 ε’ντ.
513 1862 676 1899 ἐοῦσιν
699 1862 851 1902 ἀστείως
856 1862 952 1920 ἔφη,

152 1908 202 1952 ὥς
225 1908 286 1944 οἷα
311 1910 429 1953 δῆθεν
454 1908 593 1945 ἐθέλων
600 1912 819 1968 καθῆσθαι
841 1907 954 1954 ἀργὸς

151 1969 186 1990 κ.
210 1954 360 1991 ἐσθίειν
410 1953 470 1991 διὸ
499 1957 562 1991 καὶ
593 1954 747 2000 ἐπήγαγε
770 1955 860 1999 πρὸς
892 1967 953 1989 σα·

155 2001 313 2046 φήνειοιν
345 2001 387 2038 τό
423 2001 616 2037 ἀκέοντε
647 2003 709 2037 καὶ
741 2000 783 2038 τὸ
819 2000 954 2036 ἄλλοι

154 2047 188 2084 6'
212 2047 328 2084 §⁷1:2²¹
300 2061 420 2104 εργα
444 2047 807 2106 τράποιντοῌξιτ.
823 2047 954 2092 script„

155 2098 194 2129 ut
216 2095 255 2128 ΙΙ.
279 2093 322 2139 γ’,
341 2095 418 2130 422.
447 2099 482 2128 et
504 2094 558 2139 ψ’,
579 2095 675 2138 53.,)
700 2092 723 2139 ἢ
747 2093 821 2129 ἐπὶ
845 2093 954 2137 ἔργα

157 2140 236 2184 (sic.
260 2140 383 2184 vulgo·
415 2138 539 2184 ἔργον,
573 2141 662 2185 quod
694 2140 801 2174 minus
832 2140 957 2182 placet.

156 2198 259 2231 saepe
282 2187 423 2220 confusa
447 2199 472 2220 α
497 2192 532 2219 et
556 2200 598 2221 ov
622 2186 657 2219 in
677 2187 803 2229 libris)
829 2184 958 2220 ἕποι-

156 2245 226 2288 εν,
258 2228 341 2266 ἀντὶ
373 2232 439 2266 τοῦ
473 2231 672 2276 ἐνεργοῖεν,
705 2231 886 2276 ἓφέποιεν.
912 2249 957 2255 —-

156 2275 342 2312 ἅπαντα
374 2277 543 2322 κήδεα,
576 2290 643 2312 ιιοιι
676 2277 847 2313 ἐνιαυτὸν
879 2276 957 2318 ἅπ.,

156 2329 195 2357 ut
226 2323 395 2369 interpres
425 2324 508 2358 14η.-
547 2325 584 2358 in
615 2336 742 2357 annum
773 2325 958 2367 integrum,

157 2371 274 2403 Voss.-
309 2371 411 2404 leicht
450 2371 538 2403 wohl
578 2372 708 2404 τηόοΙιίο
739 2371 872 2404 sodamz
904 2371 959 2402 ein

156 2416 317 2471 v5liigesq
315 2416 401 2459 jahr
417 2417 505 2450 auch
523 2418 718 2460 entfliegen.
755 2415 804 2449 sic
824 2416 860 2449 in
878 2425 959 2460 pro-

157 2462 272 2495 ximis:
297 2459 388 2497 ὅσσα
413 2460 661 2506 ξύμπαντα
684 2460 836 2506 μόγησα.

203 2513 398 2548 201-211.
442 2513 495 2546 Ε·
518 2509 586 2546 Ἐκ
609 2509 694 2554 μὲν
717 2510 958 2556 Κρητάων.

157 2552 215 2592 ότι
237 2557 396 2615 θελήσας
420 2554 438 2592 6
463 2571 503 2593 π.
526 2556 710 2603 ἐμφῆναι,
744 2560 824 2598 πῶς
847 2557 882 2592 οἱ
907 2559 960 2598 εἰς

157 2603 225 2659 τήν
245 2602 392 2648 Ἰθάκην
427 2581 621 2649 ἐρχόμενοι
637 2604 784 2640 ἑπαῖται
807 2602 958 2660 ἠπάτων

159 2647 206 2684 οἷν
231 2649 319 2691 τούς
341 2651 409 2685 τοῦ
429 2650 654 2694 Ὀδυσσέως,
687 2651 809 2693 ψευδῆ
832 2654 917 2694 άγγε
903 2649 959 2684 έλ-

158 2698 300 2737 λοντες,
323 2695 468 2741 ποιήσει
493 2695 560 2741 μὲν
583 2696 647 2731 τὸν
669 2695 846 2733 Ὀδυσσέα
869 2704 960 2738 ψευ-

161 2740 318 2796 ἐδόμενον
341 2743 401 2777 καὶ
426 2742 465 2777 ἐν
488 2746 568 2783 τοῖς
592 2742 672 2787 ἑξῆς
696 2742 789 2787 πρός
811 2754 849 2787 γε
872 2739 961 2781 τούς

159 2789 367 2832 μνηστῆρας
388 2787 436 2831 (ρ’
436 2813 450 2829 ‚
473 2788 590 2824 419——
603 2789 702 2832 444),
725 2802 757 2823 κ.
780 2788 871 2832 πρὸς
892 2786 961 2842 τήν

161 2837 317 2877 2uvatnoc
342 2832 402 2877 (τ’,
429 2836 544 2870 172-
552 2836 662 2879 202),
686 2834 790 2870 nami
810 2834 871 2869 καὶ
890 2830 960 2877 πρό

162 2879 306 2914 τούτων
330 2878 391 2923 (ν’,
409 2881 526 2915 256-
484 2882 619 2936 —286)
643 2879 704 2916 ἐπὶ
727 2883 792 2924 τῆς
807 2879 963 2924 Ἀθηνᾶς

163 2923 394 2970 ἐπειράσατο,
426 2929 527 2961 ποιεῖ
544 2925 583 2962 δὲ
603 2926 664 2962 καὶ
682 2926 751 2962 νῦν
768 2925 810 2961 τὸ
831 2924 961 2971 ὅμοιον

996 1449 1056 1486 ἐπὶ
1079 1450 1149 1486 τοῦ
1172 1448 1362 1495 Εὐμαίου,
1396 1463 1429 1484 κ.
1459 1446 1611 1491 δαπανᾷ
1631 1443 1698 1488 μὲν
1723 1444 1796 1480 στί-

995 1509 1085 1545 κους
1116 1495 1210 1541 ὑπὲρ
1246 1496 1333 1536 τούς
1363 1494 1539 1540 ἑξήκοντα
1569 1492 1631 1526 καὶ
1664 1490 1797 1527 εκατιὶν

997 1542 1247 1599 ἀπατήλια
1265 1543 1435 1602 βοὶζων.
1471 1540 1579 1579 εἰδώς
1598 1536 1637 1573 δὲ
1656 1552 1705 1578 ως
1728 1535 1795 1573 οὐκ

998 1602 1045 1624 αν
1070 1589 1143 1624 τῶν
1173 1603 1227 1630 τις
1257 1589 1449 1631 ἐσύστερον
1482 1583 1694 1640 ἀνθρώπων
1718 1583 1799 1619 ἐπι-

998 1637 1188 1693 στραφείη
1199 1634 1314 1681 λόγων
1347 1633 1444 1669 οὕτω
1467 1634 1638 1678 ψευδῶν,
1670 1628 1800 1674 αρτύει

999 1680 1139 1722 αὐτους
1170 1680 1209 1716 ἐν
1241 1684 1293 1728 τῷ
1323 1681 1420 1726 μέσῳ
1449 1680 1627 1737 ἱστορίαις
1649 1690 1687 1712 τε
1711 1677 1797 1718 ἀλη-

997 1727 1101 1768 θέσι,
1133 1742 1167 1762 κ.
1191 1731 1482 1770 τοπογραφίαις,
1515 1740 1548 1761 κ.
1571 1724 1706 1766 ἑτέροις
1729 1721 1798 1758 ov'n

998 1773 1132 1818 ὀλίγοις
1158 1777 1346 1818 χρησίμοις
1367 1788 1399 1808 κ.
1419 1772 1530 1816 λόγου
1555 1770 1684 1814 ἀξίοις,
1709 1770 1799 1813 (Ηυ-

998 1825 1062 1854 rat.
1083 1821 1126 1853 de
1143 1821 1290 1854 Homero
1310 1823 1349 1854 A.
1370 1821 1408 1854 P.
1429 1821 1524 1854 151..
1516 1831 1526 1839 ·
1551 1820 1603 1853 ita
1627 1817 1800 1856 mentitur,

998 1867 1046 1899 sic
1067 1867 1156 1899 veris
1181 1869 1280 1910 falsa
1310 1865 1633 1906 remiscet‚1²rimo
1663 1874 1706 1896 ne
1728 1873 1801 1895 me-

999 1913 1115 1952 dium,
1138 1915 1249 1947 medio
1272 1924 1314 1946 ne
1339 1914 1505 1956 discrepet
1527 1910 1664 1953 imum)
1688 1906 1801 1951 ὡραΐ-

999 1961 1050 2000 ζει
1075 1956 1114 1992 δὲ
1148 1960 1209 1994 καὶ
1239 1957 1438 2013 ρητορικοῖς
1464 1956 1708 2001 καλλιγραφία
1731 1954 1801 1997 τήν

1000 2002 1190 2047 (διήγησιν,
1223 2019 1255 2039 κ.
1293 2003 1387 2045 ολως
1419 2003 1513 2038 πολυ
1543 2003 1584 2037 τό
1615 2000 1801 2055 ἐπαγαγὸν

1000 2048 1167 2089 ἐντιθησι
1190 2051 1251 2084 καὶ
1279 2052 1329 2096 τῷ
1352 2048 1507 2085 τοιούτω
1531 2047 1638 2093 λόγῳ,
1663 2049 1724 2082 ινα
1747 2044 1797 2089 μή
1855 2068 1856 2072 =

1003 2096 1066 2131 ’δια
1083 2095 1150 2140 τήν
1166 2098 1288 2141 ψευδῆ
1303 2097 1436 2132 πλασιν
1449 2096 1696 2152 ἐξαθερίςοιτο
1723 2094 1801 2136 (ex-

1003 2149 1173 2186 σειραῖον,
1199 2144 1417 2186 omittatur.)
1441 2161 1486 2166 —
1511 2140 1559 2176 ἐκ
1582 2139 1664 2184 μὲν
1689 2143 1800 2183 Κρη-

1003 2202 1057 2223 τα
1070 2202 1096 2223 ω
1108 2202 1140 2222 ν.
1173 2188 1406 2229 ἐλλειπτικῶς.
1430 2186 1471 2223 τὸ
1492 2201 1563 2233 γαρ
1583 2184 1719 2225 ἐντελές
1736 2184 1801 2220 οὕ·

1003 2248 1054 2268 τω
1078 2244 1173 2275 πως·
1207 2234 1254 2269 ἐκ
1278 2233 1357 2279 μὲν
1382 2237 1518 2277 Κρητ.
1542 2233 1645 2289 εὕρ.
1660 2229 1709 2267 τό
1735 2231 1800 2276 γε’-

1006 2293 1086 2321 νος
1109 2293 1188 2324 μοι
1211 2280 1412 2326 εὔχομαι
1437 2281 1584 2323 εἶναι,
1620 2276 1669 2318 ὥς
1693 2280 1805 2336 δηλοῖ

1004 2323 1086 2371 μετ’
1111 2326 1213 2371 ὀλίγα
1235 2328 1277 2363 τὸ
1301 2341 1349 2362 το
1366 2328 1388 2362 ὕ
1411 2325 1498 2368 ἐγώ
1522 2326 1655 2371 γένος
1677 2323 1803 2380 εὔχο-

1004 2385 1088 2417 μαι
1112 2385 1180 2408 ειν
1194 2387 1250 2409 αι
1290 2375 1351 2408 καὶ
1376 2372 1465 2408 οὐδὲ
1489 2373 1636 2412 ἓνικως,
1660 2385 1711 2412 ως
1729 2369 1800 2412 πρὸ

1005 2421 1140 2474 μικροῦ
1165 2418 1235 2464 (ν’,
1258 2422 1337 2456 256.
1375 2421 1422 2454 cf
1447 2420 1492 2453 in·
1485 2419 1590 2454 ⁴'’eiius
1612 2419 1681 2453 254
1703 2422 1769 2451 etc.
1773 2417 1804 2472 )‚

1005 2469 1044 2501 K
1049 2479 1101 2508 ρη
1113 2479 1197 2510 την
1231 2465 1364 2506 εἰπών,
1405 2463 1496 2501 ἄλλα
1535 2462 1730 2507 πληθύνας
1760 2460 1803 2496 τὸ

1006 2511 1126 2553 ὄνομα
1148 2510 1244 2553 πρός
1268 2511 1426 2556 ἔμφασιν
1445 2525 1512 2546 του
1535 2509 1723 2564 μεγέθους
1738 2510 1805 2551 τῆς

1004 2557 1132 2602 νήσου.
1153 2559 1210 2601 (3)
1240 2577 1283 2583 -
1327 2557 1461 2603 Κρητά
1474 2572 1501 2593 ω
1511 2572 1553 2596 ν,
1593 2555 1689 2597 εὔρει
1700 2553 1723 2590 οἱ
1736 2567 1763 2588 ω
1774 2567 1805 2588 ν.

1006 2604 1312 2644 homoeoteleuton,
1330 2607 1426 2659 cujus
1443 2604 1596 2648 exempla
1610 2603 1713 2636 Earn.
1730 2602 1807 2656 plu-

1006 2661 1047 2684 ra
1071 2649 1126 2683 Ιιίο
1151 2651 1305 2693 protulit,
1328 2649 1374 2693 α’,
1398 2650 1455 2692 40,
1478 2651 1558 2693 397,
1581 2647 1633 2690 θ’,
1655 2647 1735 2686 224,
1758 2644 1808 2689 μ’,

1007 2697 1076 2737 70,
1107 2695 1263 2730 Simmiae
1297 2707 1350 2740 ap.
1376 2697 1498 2731 Athen.
1525 2676 1600 2736 1'1.,
1631 2694 1690 2728 fol.
1714 2692 1792 2728 491.
1784 2716 1807 2732 .‚

1008 2746 1044 2773 et
1061 2741 1426 2784 epigrammatariorum
1447 2743 1532 2776 ista:
1550 2737 1729 2783 πειράζεις
1741 2736 1807 2772 τὸν

1009 2789 1193 2827 Νεῖλον,
1219 2785 1238 2822 ὁ
1261 2787 1293 2821 δ’
1314 2786 1353 2822 ἐν
1372 2788 1494 2827 διναις
1513 2787 1807 2827 κροκόδειλον·

1013 2833 1092 2867 Τοῦ
1114 2828 1389 2868 πολυκωθωνο
1402 2847 1419 2874 ς
1441 2832 1546 2868 τοῦτ’
1567 2831 1673 2876 ἠρίον
1684 2829 1808 2872 Ἀρκα-

1008 2880 1183 2919 ὸίωνος.
1224 2879 1268 2912 cl.
1287 2892 1365 2913 aun.
1385 2882 1427 2914 ad
1454 2880 1493 2913 ΙΙ.
1513 2877 1557 2925 β’,
1578 2878 1633 2913 87.
1644 2897 1689 2904 —
1713 2883 1809 2921 prot—

1008 2924 1197 2968 byuteron'
1190 2936 1225 2958 ιιι
1242 2925 1356 2959 verbis
1379 2939 1435 2970 ημ
1446 2926 1491 2960 εν
1515 2923 1713 2970 τράφεν,
1745 2923 1809 2968 ἠδ.
