1856 3282
515 134 1103 175 ΟΔῬΣΣΕΙΑΣ
1157 138 1208 175 A.

1642 141 1699 179 33

198 243 344 288 πολλοὶ
372 241 479 298 μάλ’
489 277 500 298 ,
532 243 646 288 ὅσσα
675 243 816 295 ἔοικε,
845 242 921 286 καὶ
950 241 1075 298 άνέρι
1103 243 1267 298 μητέρα
1295 245 1468 290 δοῦναι.

200 300 343 355 αὐτάρ
373 301 482 356 ἐπήν
510 300 565 356 δὴ
596 304 734 344 ταῦτα
763 298 1019 369 τελευτήσῃς
1046 315 1092 343 τε
1121 299 1195 344 καὶ
1225 300 1364 369 ἔρξῃς,

198 356 446 411 φράζεσθαι
475 357 528 412 δή
560 357 707 400 ἔπειτα
733 355 846 400 κατά
877 355 1019 425 φρένα
1047 356 1121 399 καὶ
1150 355 1261 400 κατὰ
1294 357 1458 413 θυμὸν,

84 415 167 461 295
200 414 352 464 ὅππως
380 429 429 457 κε
461 417 713 482 μνηστῆρας
740 413 806 456 ἐνὶ
835 411 1063 482 μεγάροισι
1094 417 1230 456 τεοῖσι

194 471 384 526 κτείνῃς,
415 469 474 540 ἠὲ
497 471 636 541 δόλῳ,
666 469 696 525 ἢ
726 468 955 524 ἀμφαδόν·
989 468 1096 513 ου’δέ
1124 470 1166 512 τί
1195 480 1242 512 σε
1270 470 1351 526 χρὴ

192 527 390 598 νηπιέας
396 525 567 599 ὀχέειν,
594 526 685 569 ἐπεὶ
715 525 862 569 οὐκέτι
892 527 1068 581 τηλίκος
1095 525 1202 569 ἐσσί.

191 583 220 639 ἢ
252 581 333 626 οὐκ
363 582 492 635 άΐεις,
523 586 623 632 οἱον
650 582 779 634 κλέος
807 583 960 652 ε’λλαβε
991 584 1085 633 δῖος
1112 580 1315 638 Ὀρέστης

193 639 365 689 πάντας
394 637 461 683 ἐπ’
493 637 783 693 ἀνθρώπους,
816 639 907 682 ἐπεὶ
936 638 1088 682 ε’κτανε
1116 640 1426 711 πατροφονῆα,

86 701 170 741 300
198 698 418 768 Αἴγισθον
447 695 708 765 δολόμητιν,
739 696 789 746 ὅς
819 697 864 739 οἱ
891 695 1061 748 πατέρα
1089 695 1252 739 κλυτόν
1282 695 1411 743 ε’κτα;

192 754 266 797 καὶ
295 753 376 808 σύ,
407 754 535 809 φίλος
565 751 702 808 (μάλα
733 750 817 809 γάρ
848 750 896 796 σ’
926 750 1045 808 ὁρόω
1080 751 1218 797 καλόν
1245 767 1311 806 τε,
1342 751 1480 808 μέγαν
1508 753 1588 804 τε),

24 921 206 980 ἐπέφερον
227 926 307 963 τοῖς
331 921 473 964 ὀστέοις
495 922 571 959 τῶν
593 923 833 959 τεθνεώτων

26 966 120 1005 ὀθεν
147 970 210 1005 καὶ
233 968 387 1025 χώματα
410 969 568 1005 ἐκάλουν
602 969 649 1006 τὰ
677 969 836 1027 σήματα,

0 1044 1 1059 ,
23 1015 211 1052 τουτέστιν
244 1015 589 1071 άναχωματισμούς.
635 1018 687 1061 σῆ
702 1031 761 1061 μοι
795 1015 836 1052 δὲ

0 1062 1 1085 ³
25 1059 46 1098 ὀ
90 1063 211 1107 τάφος
222 1088 232 1104 ,

273 1060 367 1097 κατά
410 1065 529 1108 σχῆμα
571 1061 837 1108 εὐφημισμοῦ,

26 1107 125 1145 διότι
158 1108 311 1153 σημεῖόν
346 1108 419 1144 ἐστι
462 1111 531 1145 τοῦ
569 1111 720 1144 κεῖσθαί
753 1122 838 1144 τινα

0 1145 2 1192 l
26 1154 111 1192 ἐκεῖ.
137 1154 306 1191 ἐνταῦθα
330 1154 371 1191 δὲ
396 1156 495 1201 σῆμα
519 1154 560 1190 τὰ
586 1156 758 1200 κενήριον
782 1156 838 1191 λέ-

0 1346 2 1411 Ι

0 1446 1 1474 3
28 1433 98 1468 alia
126 1439 288 1467 sexcenta
321 1434 517 1477 ejusmodi,

27 1213 102 1248 γει·
136 1201 181 1237 οὐ
215 1201 286 1247 γάρ
322 1201 396 1238 ε’στι
419 1203 557 1246 κυρίως
587 1202 770 1247 ταφῆναι·
781 1204 836 1247 [κ.

26 1249 165 1291 κυρίως
196 1248 320 1293 τάφον
359 1248 472 1294 ε’χειν]
501 1248 567 1283 τὸν
591 1248 654 1284 ἐπ’
680 1248 837 1284 ἀλλοδα-

25 1295 99 1339 πῆς
133 1297 330 1330 τεθνεῶτα.
348 1315 394 1320 -
429 1294 601 1337 κτέρεα
643 1307 762 1338 κτερ.
791 1292 836 1338 γ’,

27 1342 174 1383 285,11.
200 1339 332 1384 ω’,38-
365 1341 544 1375 annotavit
577 1342 628 1381 E,
665 1341 734 1374 dici
758 1341 835 1383 hoc,

28 1393 70 1422 ut
108 1386 222 1430 λόγον
271 1387 415 1432 λέγειν,
454 1385 576 1422 υπνον
617 1383 765 1422 ’ὗπνουν
800 1392 837 1420 et

562 1432 709 1488 Ἀττικῷ
752 1430 836 1476 σχή-

25 1492 116 1524 ματι
140 1479 498 1523 συνεκφωνουμένου
524 1477 689 1534 ῥήματος
701 1478 762 1513 καὶ
778 1490 837 1512 συ-

25 1526 173 1569 στοίχου
207 1525 399 1570 ὀνόματος.
434 1525 481 1559 cf.
520 1525 561 1559 ll.
597 1523 652 1569 6,
677 1526 758 1568 324,
790 1522 836 1568 6',

26 1570 542 1659 24Ξ93ῐ2296.,,801101135103
562 1615 606 1650 ad
625 1615 665 1649 Il.
683 1613 726 1671 χ’,
745 1614 836 1651 497.

26 1683 73 1690 -
95 1662 169 1699 ε’στι
193 1662 234 1698 δὲ
256 1662 421 1719 σύνηθες
440 1660 592 1706 “Ομήριρ
617 1660 659 1696 τὸ
687 1659 837 1706 ὀφειλό-

26 1722 140 1755 μενον
163 1711 218 1754 (2)
245 1707 368 1749 ἅπλῶς
392 1708 663 1764 ερμηνεύεσθαι
687 1707 727 1744 ἐν
752 1708 837 1743 δυσὶ

25 1760 245 1800 περικοπαῖς
278 1755 459 1800 εκφέρειν.
504 1752 655 1798 αὐταρ
686 1775 728 1780 -
766 1754 836 1798 ε’ρ-

27 1804 130 1860 ξῃς,
155 1801 238 1838 ἀντὶ
260 1803 328 1838 τοῦ
356 1801 463 1847 ε’ρξας
485 1800 711 1846 τελευτήσῃς.
738 1815 792 1836 αν
804 1815 837 1837 ε-

28 1851 112 1886 σάν
153 1862 198 1885 τε
238 1847 390 1889 πύλας
430 1849 506 1884 καὶ
551 1848 748 1883 άπωσαν
795 1845 834 1905 6-

27 1897 150 1941 χῆας
171 1895 236 1951 (Il.
269 1894 321 1941 φ’,
355 1896 494 1950 537),
509 1891 592 1931 dvxi
627 1895 695 1930 τοῦ
728 1891 834 1930 a'nai-

29 1954 158 1982 σαντες
190 1953 334 1977 ανεσαν.
380 1939 583 1997 τιμήσῃ,
620 1939 759 1997 ὀλέσῃ
785 1939 834 1976 δὲ

28 1987 209 2028 πολέας
241 1988 299 2031 (11.
330 1986 375 2034 β’,
408 1989 475 2033 4.),
507 1986 592 2023 ἀντὶ
615 1989 682 2023 τοῦ
707 1986 835 2028 ὀλέσας

27 2035 182 2090 τιμήσῃ.
198 2034 432 2079 φθέγγεο.
479 2034 584 2068 ,καὶ
610 2033 834 2079 ἐγρηγόρ-

27 2084 116 2118 &ott
157 2077 347 2138 ἄνωχθι
379 2081 446 2124 (11.
475 2079 519 2122 κ’,
544 2081 632 2126 67.),
657 2081 740 2116 ἀντὶ
765 2082 835 2116 τοῦ

29 2126 286 2182 φθεγγόμενος
323 2125 470 2181 ἄνωχθι
510 2131 714 2171 γρηγορεῖν.
727 2129 750 2146 “
793 2128 834 2161 Β.

28 2174 226 2230 simplicitas
251 2173 427 2214 sermonis,
451 2173 495 2206 de
519 2185 586 2218 qua
605 2174 744 2219 saepius
763 2173 835 2206 dixi

28 2220 65 2255 in
94 2220 266 2255 annotatis
300 2220 342 2253 ad
369 2219 520 2253 Iliadem
557 2225 699 2264 possunt
722 2226 835 2253 tamen

29 2256 116 2301 baec
138 2267 240 2300 etiarn
256 2265 380 2300 referri
399 2266 442 2300 ad
461 2277 585 2299 morem
605 2266 710 2307 illum,
733 2278 834 2311 quem

30 2313 223 2357 significavi
253 2311 296 2346 ad
330 2313 410 2348 289.
441 2330 487 2336 —
519 2311 640 2346 κατά
680 2312 831 2356 φρένα

29 2358 109 2394 καὶ
139 2356 252 2393 uaso)
286 2355 459 2401 θυμόν.
512 2359 726 2403 pleonasmus
760 2369 831 2392 em·-

31 2404 186 2450 phaticus
220 2409 256 2438 et
287 2412 396 2439 metro
421 2409 544 2448 aptus,
572 2417 662 2448 quae
687 2416 752 2438 non
778 2410 832 2438 est

29 2449 236 2494 negligenda
256 2451 346 2484 ratio
364 2462 419 2495 ap.
447 2451 556 2491 Hom„
580 2451 748 2494 siquidem
770 2462 831 2484 no-

29 2508 74 2530 vo
97 2507 199 2530 versu
222 2495 372 2540 incipere
389 2501 480 2530 amat
501 2507 608 2530 novas
632 2497 832 2539 sententias,

29 2541 232 2588 praesertim
255 2552 405 2585 graves,
437 2553 504 2586 qno
530 2543 624 2576 velut
648 2543 747 2588 plena
772 2555 831 2576 ea-

29 2599 103 2622 rum
128 2587 278 2632 pondera
301 2587 474 2632 excipiant
508 2589 696 2623 auditores.
738 2594 834 2623 certe

29 2633 148 2668 eodem
173 2634 247 2667 fere
271 2643 371 2667 sensu
389 2633 472 2667 alias
491 2634 692 2669 alterutrum
716 2635 832 2669 horum

28 2679 127 2715 dixit.
152 2691 186 2714 v,
203 2680 286 2719 323,
313 2689 389 2712 ann.
414 2679 455 2712 ad
481 2680 521 2713 ll.
547 2678 592 2722 δ’,
618 2682 685 2716 163
709 2686 775 2714 etc
786 2701 833 2707 -

29 2723 82 2771 ἠὲ
115 2723 258 2784 δόλῳ,
284 2720 308 2769 ἢ
344 2721 583 2781 άμφαδόν.
617 2728 671 2761 E:
704 2727 832 2762 τουτέ-

29 2782 108 2807 στιν
129 2770 153 2817 ἢ
176 2770 325 2830 κρύφα,
355 2767 378 2815 ἢ
403 2772 581 2827 φανεροῖς.
607 2774 653 2806 cf.
679 2772 722 2814 λ’,
752 2776 829 2816 119,

30 2815 74 2861 ξ’,
96 2819 176 2854 330.
210 2815 266 2862 (ἢ
290 2814 488 2863 α’μφαὸόν,
513 2817 556 2863 ηέ
588 2819 829 2865 κρυφηδόν),

29 2863 68 2900 ll.
91 2863 138 2908 η’,
161 2865 229 2900 243
252 2871 320 2899 etc.

86 2911 166 2946 297.
223 2908 429 2955 νηπιέας
474 2906 664 2953 ὀχέειν,
707 2913 830 2956 pucri-

31 2955 81 2989 lt‘a
96 2959 194 3000 ferre
223 2968 283 2991 seu
313 2960 447 3000 saccre.
474 2962 558 2989 vett.
595 2957 687 2999 edd„
716 2958 750 2992 in
776 2957 830 2993 his

29 3001 104 3036 Ald.
127 3003 174 3045 3.
198 3008 235 3037 et
255 3003 465 3038 recentiores
497 3013 604 3047 usque
628 3003 673 3038 ad
701 3003 830 3040 Alteriae

71 3057 213 3095 uonna.
238 3060 296 3095 On
303 3071 377 3096 xss.
403 3059 450 3094 1.

882 921 1044 969 νηπιάας
1073 921 1126 968 ὀχ.
1152 923 1228 979 ipse
1254 923 1390 957 Alterus
1413 933 1455 956 ex
1493 922 1533 954 Α.
1561 921 1592 955 1.
1617 920 1694 954 edi-

883 971 936 1004 dit
958 969 1158 1015 νηπιάχοις
1181 967 1310 1014 ὀχέειν,
1339 969 1432 1013 quod
1452 967 1530 1001 olim
1546 966 1696 1011 Stepha-

883 1028 926 1051 no
946 1017 1098 1071 aliisque
1125 1016 1295 1050 nonnullis
1321 1015 1521 1059 placuerat,
1552 1013 1608 1046 vel
1630 1026 1697 1057 νη-

883 1062 1035 1119 πιάχοις
1063 1060 1230 1107 ὀχεύειν,
1255 1073 1357 1094 versu
1376 1060 1547 1105 jugulato.
1572 1061 1611 1093 Α
1636 1060 1695 1094 4..

884 1110 1061 1152 νηπιάας.
1097 1112 1139 1142 Α.
1174 1109 1207 1143 5.
1246 1112 1432 1151 corrupte·
1465 1104 1696 1149 νηπιάχοντα

886 1155 921 1189 ὁὶ
914 1153 1000 1200 ,ιέθ
1027 1154 1103 1191 ἐπεὶ
1130 1159 1197 1188 etc.
1225 1153 1386 1207 legerunt
1406 1151 1568 1207 νηπιάας
1593 1151 1695 1185 etiam

883 1203 962 1235 sch.
991 1202 1028 1245 (q
1032 1203 1066 1235 111
1092 1202 1197 1234 habet
1220 1197 1387 1254 νηπιάας
1411 1196 1594 1243 ὀχεύειν),
1620 1201 1695 1231 Α111.

885 1249 919 1289 Q
944 1253 979 1281 et
1002 1248 1044 1288 Ε,
1077 1247 1128 1281 sic
1163 1246 1222 1280 ille
1255 1246 1526 1302 interpretatus:
1559 1256 1696 1287 νηπιο-

884 1294 1078 1337 φροσύνας
1103 1291 1240 1336 φέρειν.
1281 1290 1380 1336 ὀχεῖν
1403 1291 1474 1334 γάρ
1501 1290 1542 1326 τὸ
1570 1289 1696 1332 φέρειν

882 1354 918 1375 τι
956 1340 1018 1375 καὶ
1053 1338 1248 1391 βαστάζειν
1282 1346 1364 1378 etc„
1399 1336 1696 1393 Pseudodidymus

883 1392 996 1420 autem
1022 1393 1057 1419 et
1081 1385 1195 1419 Schol.
1222 1383 1301 1417 libri
1331 1387 1405 1418 Α111.
1432 1383 1496 1424 Q.:
1528 1382 1576 1417 τά
1600 1381 1696 1417 νέων

883 1435 1039 1475 φρονεῖν
1071 1431 1132 1465 καὶ
1174 1429 1301 1485 φέρειν
1343 1430 1457 1472 (imm
1501 1429 1629 1473 φέρειν
1661 1441 1695 1463 κ.

884 1477 1084 1523 φρονεῖν)·
1126 1471 1151 1520 ἢ
1185 1472 1358 1520 ὀχεῖσθαι
1398 1473 1472 1512 ὑπὸ
1507 1475 1696 1520 νεότητος,

881 1525 1072 1560 τουτέστιν
1096 1521 1247 1566 ἄφρονα
1275 1527 1383 1557 εἰναι.
1408 1522 1443 1555 111
1455 1522 1590 1575 quibus
1615 1533 1696 1555 ver—

883 1572 927 1605 ba
950 1567 973 1617 ἢ
998 1569 1170 1624 ὀχεῖσθαι
1185 1587 1233 1593 -
1254 1566 1351 1604 ειναι
1375 1566 1550 1612 pertinere
1573 1567 1696 1601 viden·

883 1624 940 1651 tur
975 1618 1017 1651 ad
1054 1614 1252 1660 νηπιάχοις
1275 1611 1412 1659 ὀχέειν,
1443 1614 1551 1648 verbo
1576 1614 1694 1649 activo

882 1664 1057 1697 intellecto
1084 1662 1324 1706 παθητικῶς,
1350 1671 1438 1706 quae
1462 1660 1551 1694 ratio
1577 1660 1694 1694 duris-

883 1710 967 1743 sima
1002 1714 1067 1743 est.
1106 1708 1261 1742 servavit
1296 1708 1343 1739 W
1377 1705 1561 1750 νηπιάας,
1602 1718 1694 1752 quae

882 1760 995 1789 tamen
1020 1756 1131 1789 forma
1154 1766 1264 1799 neque
1289 1754 1373 1787 alias
1398 1753 1540 1797 legitur,
1572 1756 1608 1786 et
1632 1763 1694 1785 su-

882 1802 1069 1847 spicionem
1095 1806 1229 1842 moi'‚et
1255 1811 1329 1834 cum
1354 1800 1453 1833 Hom.
1479 1798 1608 1832 dixerit
1630 1811 1694 1842 νη-

881 1848 987 1893 πιέῃ,
1023 1847 1217 1892 νηπιέῃσιν
1252 1844 1306 1887 ω’,
1340 1845 1420 1881 469.
1455 1850 1492 1878 et
1523 1845 1558 1878 in
1583 1844 1694 1879 Iliade

880 1894 918 1936 ι’,
941 1896 1022 1935 491,
1049 1907 1093 1935 o,
1118 1894 1200 1935 363,
1225 1891 1272 1935 v',
1292 1871 1371 1927 411.
1392 1894 1433 1926 Α.
1452 1893 1486 1927 3.
1507 1890 1694 1934 νηπιάσας

881 1953 944 1987 pro
968 1942 1162 1985 νηπιαίας,
1197 1941 1287 1973 11.0.
1320 1937 1692 1993 νηπιὲας,1]110111311-

880 1987 1013 2021 modum
1057 2000 1073 2022 ε
1110 1994 1146 2021 et
1178 1999 1218 2021 αι
1249 1984 1447 2038 permisceri
1483 1983 1606 2017 solent.
1637 1984 1692 2018 vel

880 2035 971 2067 forte
995 2033 1165 2067 excidisse
1189 2038 1272 2077 puto
1307 2030 1458 2064 librariis
1482 2043 1507 2064 α
1538 2041 1600 2074 pro
1632 2043 1689 2071 αι,

882 2080 1004 2114 menda
1036 2080 1116 2114 item
1148 2077 1325 2124 frequenti
1356 2078 1419 2120 (v.
1453 2078 1548 2111 Bast.
1575 2076 1690 2120 Epist.

882 2127 959 2162 crit.
984 2126 1027 2159 ad
1050 2123 1690 2178 80155011,ρ.20.,11053(1Αο5011)Ἰ.

882 2175 946 2216 Ag.
983 2174 1106 2216 146.),
1139 2171 1193 2204 vel
1228 2169 1391 2223 scriptum
1427 2181 1505 2203 esse
1528 2167 1692 2212 νηπιάας

881 2218 981 2252 metri
1005 2219 1122 2263 gratia
1145 2218 1188 2251 ab
1213 2216 1301 2258 illis,
1334 2215 1392 2260 qui
1417 2215 1630 2260 reperissent
1654 2215 1688 2248 in

880 2265 979 2298 libris
1003 2265 1074 2299 suis
1096 2266 1298 2309 νηπιαι’,ας
1332 2273 1421 2306 quae
1444 2273 1487 2295 ne
1509 2261 1586 2306 ipsa
1610 2261 1689 2305 qui-

879 2312 953 2345 dem
979 2311 1088 2345 forma
1112 2311 1240 2344 usitata
1265 2314 1340 2348 est3
1361 2308 1446 2340 alios
1461 2314 1587 2347 autem,
1600 2307 1688 2361 qui-

877 2358 942 2390 bus
976 2357 1011 2390 id
1047 2357 1266 2401 displiceret,
1302 2354 1460 2387 intulisse
1491 2351 1691 2397 νηπιάχοις

878 2400 1014 2446 ὀχέειν,
1048 2404 1197 2437 obscura
1228 2400 1381 2452 quidem.
1399 2400 1581 2433 sententia
1623 2399 1690 2433 nisi

880 2449 1058 2483 dicendum
1076 2450 1133 2490 sit,
1157 2449 1251 2483 istud
1266 2444 1463 2491 νηπιάχοις
1487 2446 1570 2478 nihil
1593 2445 1689 2480 aliud

878 2507 955 2530 esse
980 2507 1080 2539 quam
1103 2496 1214 2548 ipsum
1237 2494 1436 2537 νηπιαίας,
1473 2490 1544 2525 iota
1569 2497 1688 2544 poste-

879 2542 972 2575 riore
995 2542 1041 2578 111
1053 2554 1074 2586 χ
1098 2547 1134 2575 et
1157 2554 1181 2576 α
1204 2540 1238 2574 111
1274 2553 1311 2574 οι
1339 2538 1500 2578 mutatis3
1533 2537 1576 2571 de
1610 2536 1688 2581 qui-

880 2588 947 2621 bus
972 2575 1216 2622 mutationibus
1238 2597 1271 2622 v.
1295 2584 1451 2630 inprimis
1471 2561 1607 2617 A’ntbol.
1622 2584 1688 2617 Pa-

880 2633 940 2667 lat.
959 2635 991 2669 3.
1020 2645 1051 2678 p.
1081 2635 1171 2674 166.,
1196 2633 1342 2667 Porson.
1376 2641 1453 2663 ann.
1479 2629 1521 2662 ad
1548 2629 1686 2675 Eurip„

879 2680 1038 2714 Schafer.
1063 2679 1184 2714 Melet.
1208 2679 1336 2734 crit.p
1341 2675 1425 2711 ..46
1452 2675 1496 2708 cf.
1522 2675 1629 2709 Schn.
1654 2687 1688 2712 v.

878 2726 1024 2782 νηπιέη.
1055 2745 1091 2751 -
1122 2726 1172 2759 Ε.
1210 2722 1257 2759 ου’
1295 2689 1498 2768 τρηλίκος
1530 2719 1596 2764 (ρ’,
1629 2723 1685 2763 20,

876 2772 917 2806 Il.
944 2771 998 2814 ω’,
1017 2771 1086 2807 487
1108 2772 1208 2815 etc.,)
1228 2784 1278 2811 ως
1295 2769 1348 2805 ἔτι
1370 2767 1687 2811 μειρακιεύεσθαι.

878 2825 915 2852 ut
939 2820 996 2862 qui
1017 2819 1086 2863 jam
1111 2820 1153 2853 21
1181 2827 1289 2850 annos
1312 2821 1413 2850 natus
1437 2819 1541 2848 esset.
1574 2825 1607 2847 v.
1633 2814 1686 2849 (3.1

877 2866 920 2898 ad
946 2866 1001 2900 88
1030 2870 1086 2907 et,
1110 2875 1197 2910 quos
1221 2862 1365 2904 citavit,
1392 2861 1422 2895 Ε
1447 2866 1482 2896 et
1505 2860 1686 2896 Heraclid.

876 2911 1069 2946 Ponticum.

922 2958 1117 2992 298-301.
1165 2950 1189 2999 ἢ
1213 2951 1313 2989 ου’κ.
1338 2957 1421 2988 nota
1447 2952 1626 2999 anizesis.
1650 2965 1684 2987 v.

875 3003 1050 3050 Spitzner.
1073 3002 1096 3036 1.
1121 3002 1167 3036 de
1189 3011 1291 3037 versu
1315 3001 1388 3036 her.
1416 3012 1450 3046 p.
1476 3002 1553 3035 181.
1571 3004 1683 3036 etc.—

1387 3051 1415 3090 3
