1846 3282
565 157 1148 204 ΟΛΤΣΣΕΙΑΣ
1199 158 1255 199 Κ.

1674 159 1731 199 45

238 274 399 324 Αἴολος
423 270 709 328 Ἱπποτάδης,
741 272 869 328 φίλος
897 266 1159 313 ἀθανάτοισι
1188 272 1347 318 θεοῖσι,

237 334 387 399 πλωτῇ
416 329 482 372 ἐνὶ
491 329 651 401 νήσῳ·
683 333 829 372 πᾶσαν
861 326 908 370 δέ
935 325 979 368 τέ
1009 341 1084 380 μιν
1112 323 1211 377 πέρι
1239 330 1376 380 τεῖχος

239 386 441 442 χάλκεον,
475 385 719 441 ἄῤῥηκτον·
749 383 874 438 λισσὴ
903 381 944 426 δ’
976 380 1248 434 ἀναδέδρομε
1277 383 1424 437 πέτρη.

181 447 208 489 5
237 448 316 485 τοῦ
344 444 418 485 καὶ
449 443 617 486 δώδεκα
647 444 797 491 παῖδες
828 440 893 483 ἐνὶ
921 437 1127 508 μεγάροις
1155 436 1377 491 γεγάασιν,

237 501 282 551 ἐξ
311 499 389 551 μὲν
418 501 678 554 θυγατέρες,
706 500 751 550 ἐξ
782 495 822 540 δ’
854 494 967 546 υἱέες
980 493 1237 563 ηβσόοντες·

238 555 337 599 ἔνθ’
367 556 441 612 ὅγε
469 557 718 612 θυγατέρας
745 553 882 610 πόρεν
910 550 1062 595 υἱάσιν
1091 556 1204 595 εἰναι
1234 550 1414 601 α’κοίτις,

66 669 270 714 1’Odysse'e‚
299 670 470 704 59-61.
518 670 586 704 Les
618 667 758 702 anciens
781 667 876 701 n'ont

61 717 185 761 jamais
219 716 284 749 fait
319 716 465 749 mention
509 716 552 748 de
593 727 633 748 ce
667 714 876 759 phe'nomene

66 762 181 807 quand
215 762 238 795 il
263 774 282 794 n
285 760 319 805 'y
344 762 438 795 avait
460 773 505 805 qu
510 761 565 794 ’un
589 761 661 794 seul
685 761 808 794 rocher
831 770 875 791 ou

65 820 132 841 une
155 809 248 841 seule
271 809 326 842 ile.
374 807 478 841 Delos
503 807 588 840 etait
611 818 652 839 au
676 806 787 839 milieu
813 805 874 838 des

65 854 255 898 Cyclades,
289 860 325 887 et
348 854 476 897 Lipara
508 864 552 886 au
580 852 695 885 milieu
728 852 788 885 des
812 852 875 884 iles

64 867 260 933 Eoliennes.
272 902 294 919 “
332 899 406 932 scili
410 904 466 932 cet
489 898 672 943 Liparam,
697 898 874 931 maximam

63 945 207 979 istarum
239 945 325 978 insul
330 956 443 985 arum,
477 944 627 978 Aeoliam
663 955 715 976 ess
719 956 737 977 e
774 948 873 988 putat

63 992 119 1025 vir
157 991 447 1030 litteratissimus3
483 1002 574 1034 quae
615 995 650 1023 et
686 989 872 1023 Dacieriae

63 1038 236 1071 sententia
270 1044 332 1069 est.
380 1037 441 1069 sed
484 1037 571 1069 haec
603 1037 777 1069 hactenus.
828 1036 872 1069 de

63 1084 180 1118 Aeolis
204 1095 237 1116 v.
265 1082 308 1137 Ε.
352 1084 424 1117 Am.
452 1082 517 1121 Q.=
553 1083 730 1122 Αἴολος
758 1080 869 1116 ἫΙππ

63 1148 110 1154 -—
131 1132 230 1172 τρεῖς
251 1126 321 1171 γὰρ
342 1127 496 1168 Αἰόλους
522 1129 614 1172 φασὶ
639 1130 871 1182 γεγενῆσθαι,

63 1189 210 1218 πρωτον
232 1174 296 1209 τὸν
321 1175 390 1209 τοῦ
402 1173 588 1218 Έλληνος,
612 1175 788 1233 δεύτερον
806 1172 871 1208 τόν

57 1219 101 1264 ’ἐξ
121 1219 293 1257 Ιππότου
318 1234 348 1255 κ.
371 1223 635 1265 Μελανίππης,
657 1223 782 1263 τρίτον
806 1219 871 1255 τὸν

63 1267 102 1303 ἐκ
128 1267 363 1306 Ποσειδῶνος
394 1280 425 1301 κ.
450 1266 590 1311 Ἀρνης.
637 1268 720 1301 miro
753 1279 871 1300 errore

63 1313 286 1358 Asclepiades
327 1324 380 1357 ap.
424 1313 513 1346 hunc
554 1314 671 1347 Schol.
714 1313 871 1355 Neptuni

63 1361 190 1400 filium,
224 1359 384 1402 Hyginus
414 1366 524 1392 autem
557 1360 626 1393 fab.
654 1361 731 1394 125.
755 1359 871 1392 Helie-

62 1407 137 1447 nis,
162 1405 232 1438 (lici
256 1405 487 1447 arbitrantur,
522 1417 596 1438 cum
626 1406 776 1447 Aeolus,
812 1404 871 1449 qui

62 1453 118 1485 hic
135 1452 264 1495 agitur,
289 1449 649 1495 ᾶιιόὶειῑἹπποτάδης.
691 1452 757 1485 nisi
778 1451 871 1484 forte

61 1509 186 1531 versus
220 1499 254 1531 2.
282 1495 399 1530 abfuit
432 1498 476 1530 ab
509 1498 644 1531 illorum
679 1497 869 1539 codicibus,

60 1544 237 1578 intellecto
254 1542 389 1575 nomine
402 1543 497 1576 Aeoli
517 1555 558 1576 ex
572 1545 732 1587 Αἰολίην,
753 1554 870 1586 quem—

60 1590 237 1623 admodum
264 1591 367 1631 poeta
391 1589 476 1621 haec
501 1594 535 1622 et
557 1590 722 1645 quaedam
747 1588 870 1622 similia

59 1635 166 1669 dixit·
199 1633 386 1678 Νεστορέη
410 1647 514 1678 παρα
539 1635 604 1675 νηὶ·
628 1635 869 1689 Πυλοιγενέος

59 1681 234 1728 βασιλῆος
256 1691 318 1725 pro
341 1679 529 1724 Νέστορος
551 1681 591 1714 ll.
612 1679 657 1726 β’,
679 1683 749 1722 54.
774 1684 869 1724 Γορ-

56 1730 139 1774 γείη
162 1726 304 1771 κεφαλή
333 1728 473 1762 δεινοῖο
497 1725 666 1770 πελώρου
690 1740 753 1773 pro
775 1731 868 1770 Γορ-

60 1776 149 1819 γοῦς
172 1774 298 1807 ibidem
323 1772 368 1814 ε’,
396 1773 474 1809 741.
496 1793 540 1798 -
573 1773 779 1818 χαλκεοι
805 1785 867 1827 pet

59 1829 194 1864 tropum
222 1819 339 1852 dicere
361 1819 500 1878 νίδεξιιι·
513 1822 678 1863 firmum,
706 1827 744 1854 ut
761 1821 799 1854 ΙΙ.
822 1818 867 1865 β’,

59 1869 162 1902 496:
197 1863 302 1908 φωνή
339 1863 378 1899 δ’
413 1863 612 1909 ἅρρηκτος,
648 1866 802 1910 χαλκεον
826 1866 868 1902 δέ

58 1926 138 1972 μομι
148 1908 238 1956 ἦτορ
263 1909 372 1954 ἐνείη.
407 1913 479 1947 Αιιι.
507 1913 551 1953 Q.
577 1914 700 1948 etB.=
725 1912 865 1973 guilda,

58 1958 306 2013 ιῗῤῥηκτον.
346 1958 462 1993 λείπει
485 1958 526 1993 τὸ
553 1957 640 1994 ἐστί.
687 1962 765 2000 πῶς
798 1959 865 2014 ἂρ-

59 2005 218 2051 ῥηκτον,·
253 2003 311 2039 ὅτι
341 2004 458 2059 πέτρα
481 2005 681 2062 περιτρέχει
704 2006 770 2052 tr'v
794 2007 865 2042 πό-

58 2057 135 2093 λιν,
158 2050 354 2096 περιβολῆς
378 2050 480 2094 τοὶξιν
502 2049 563 2087 ἐπε
549 2051 695 2097 «ε’-χουσα
712 2071 752 2079 -
777 2055 866 2088 λισ-

57 2097 113 2143 σή
138 2117 184 2123 -—
207 2099 362 2143 πέτρη.
401 2099 440 2139 ε’,
464 2097 543 2134 412.

103 2190 248 2226 5-12.
295 2190 369 2223 Αιιι.
404 2189 467 2229 Q.:
503 2191 586 2226 τοῦ
609 2210 655 2216 —-
678 2192 863 2232 παῖδες.

58 2236 122 2272 καὶ
148 2238 259 2271 τοῦτο
293 2236 343 2275 εἰς
367 2234 625 2280 εὐδαιμονίαν,
661 2236 750 2273 ὅταν
772 2238 865 2273 παν-

58 2295 133 2318 των
175 2281 392 2317 ἀπολαύωσι
432 2285 506 2318 τῶν
546 2285 704 2319 τέκνων·
741 2285 866 2320 εὐδαί-

58 2341 138 2385 μων
170 2327 240 2373 γὰρ
281 2330 331 2385 τῷ
362 2327 412 2384 μὴ
445 2327 519 2364 ὑπὸ
554 2333 700 2366 πολλῶν
732 2333 864 2376 (scrib.

59 2373 239 2418 εὔδαιμον
253 2374 333 2429 γάρ
352 2373 393 2410 τό
410 2375 461 2420 μή
482 2374 670 2432 ὕποπτον)
695 2377 865 2421 ἐξουσιαν

59 2422 195 2458 δοῦναι
217 2418 283 2460 τοὶς
299 2422 518 2465 θυγατέρας.
557 2420 578 2459 ο“
602 2426 664 2460 καὶ
688 2425 770 2469 περὶ
795 2424 864 2468 τὶν

58 2466 232 2511 Πριάμου
257 2467 443 2526 οἴκησινῖ
429 2469 619 2512 ἑωρῶμεν·
656 2470 732 2507 ’ὑπὸ
759 2474 864 2516 φιλο-

57 2516 201 2553 τεκνίας
233 2513 304 2557 [ἀρ
336 2512 427 2556 παρ’
454 2514 573 2561 εαυτῷ
597 2516 767 2573 ἀνέλαβε
773 2517 864 2558 τούς

57 2558 199 2601 ἄνδρας
225 2560 300 2594 ’.ὧν
322 2561 551 2604 θυγατέρων.
586 2565 712 2607 (verba
745 2578 764 2599 ο
798 2565 861 2598 καὶ

55 2626 102 2632 ——
125 2605 340 2649 θυγατέρων
363 2607 548 2642 cohaerent
573 2621 648 2644 cum
672 2611 862 2656 superiori-

55 2654 120 2687 bus
145 2653 211 2686 illis
234 2654 293 2687 καὶ
319 2653 430 2688 τοῦτο
451 2672 494 2678 -—
512 2655 668 2690 τέκνωνε
692 2657 759 2690 ista
779 2669 861 2690 vero

55 2697 238 2743 εὔδαιμον
262 2719 304 2724 -
328 2698 555 2743 θυγατέρας,
582 2713 603 2735 a
627 2702 724 2737 nobis
748 2715 860 2737 emen-

56 2745 158 2800 dpta,
185 2747 360 2790 pertinent
384 2747 426 2779 ad
452 2746 484 2781 7.
496 2771 509 2800 .’
532 2746 697 2792 siquidem
723 2748 784 2782 hoc
810 2749 858 2782 di-

54 2792 123 2833 cit,
148 2793 294 2837 opinor,
327 2791 430 2825 Schol
454 2816 464 2831 ,
494 2791 528 2825 in
556 2801 654 2836 parte
685 2795 861 2828 felicitatis

55 2849 152 2878 esse,
177 2839 205 2870 si
232 2838 321 2871 filiae
345 2837 475 2878 nuptiis
498 2838 569 2872 suis
595 2840 716 2874 nemini
741 2853 861 2886 suspe-

53 2888 140 2918 ctam
164 2884 246 2917 dent
267 2885 465 2928 potentiam.
499 2891 553 2918 est
571 2893 681 2920 autem
700 2893 860 2932 suspecta

53 2930 207 2974 potentia
241 2930 520 2974 longinquorum,
556 2942 641 2975 quos
675 2933 859 2968 observare

52 2984 118 3009 non
141 2987 336 3020 possumus,
361 2987 424 3009 nec
447 2977 590 3016 scimus,
616 2989 731 3011 eorum
756 2980 857 3023 inge-

49 3022 112 3056 nia
132 3027 248 3056 utrum
268 3023 316 3056 acl
345 3023 449 3056 amici
471 3035 518 3056 αιι
546 3023 594 3057 ad
615 3024 744 3058 inimici
769 3037 855 3070 par-

921 668 991 698 tem
1025 664 1254 708 perveniant,
1293 666 1332 697 ut
1363 662 1412 697 ait
1447 662 1633 708 Comicus.)
1680 661 1730 706 ἓξ

920 708 1007 754 μὲν
1049 713 1156 754 θυγ.
1206 711 1337 749 Αἴολος
1382 709 1623 754 Τηλεπάτραν
1661 710 1731 754 τήν

923 755 1150 800 ΛαιστρυγόιΙ
1155 768 1197 789 ου
1222 758 1337 799 (recte
1363 756 1412 789 Ε.
1437 757 1642 800 Λ-γόνος)
1666 755 1730 800 γή-

921 815 994 862 μας
1017 802 1183 847 ἐγέννησε
1201 801 1413 846 θυγατέρας
1434 801 1494 846 ἐξ,
1519 815 1552 836 u.
1577 801 1731 861 ταύταις

921 851 1025 889 ἴσους
1048 852 1166 889 υιούς.
1207 850 1275 884 εισὶ
1308 847 1349 883 δὲ
1380 853 1460 890 τοῖς
1489 848 1557 892 μὲν
1581 847 1731 894 ἇῤῥεσιν

921 893 1091 938 ὀνόματα
1132 894 1321 938 Ἰοκάστης
1365 896 1496 939 (scrib.
1536 894 1729 936 Ἰόκαστος.

920 943 1148 975 Callimachus
1172 954 1226 986 ap.
1249 943 1372 976 Tzetz.
1393 943 1435 975 ad
1456 942 1630 986 Lycophr.
1649 943 1728 976 45*

912 984 998 1032 Ρὴγ
992 1002 1059 1022 ιον
1084 987 1176 1023 ἀστι
1195 989 1311 1022 λιπών
1326 987 1512 1024 Ιοκάστου
1538 990 1637 1023 Αἰολι
1635 990 1729 1024 δαο.

918 1035 961 1067 cf.
989 1035 1087 1067 Diod.
1113 1036 1185 1068 sic.
1210 1035 1244 1077 5,
1271 1037 1325 1076 8,
1350 1035 1467 1079 ibique
1492 1040 1609 1068 notata
1627 1035 1731 1068 Wes-

916 1080 1115 1124 selingio.)
1147 1083 1325 1122 Ξουθος,
1360 1083 1551 1124 Φάλακρος
1578 1081 1729 1126 (perpe-

917 1138 987 1160 ram
1020 1128 1126 1160 liber:
1165 1128 1377 1171 Φαλακρός,
1416 1129 1452 1163 in
1485 1128 1618 1162 nomine
1646 1138 1730 1172 pro-

916 1173 1036 1217 prio),
1072 1172 1312 1217 Χρύσιππος,
1354 1174 1553 1218 Φερήμων,
1584 1173 1729 1218 Ἀνδρο-

916 1218 1020 1261 κλῆς·
1060 1221 1285 1263 (Astyochum
1323 1226 1358 1254 et
1393 1222 1626 1266 Agathyrnum
1663 1232 1727 1265 pro

918 1264 1087 1298 Phalacro
1131 1272 1165 1299 et
1201 1267 1397 1310 Clirjsippo
1431 1270 1581 1302 nominat
1612 1266 1728 1308 Diod„

918 1316 954 1343 et
989 1322 1050 1354 pro
1084 1312 1296 1346 Pheremone
1329 1313 1613 1356 Pberaemonem)
1647 1315 1729 1354 ταῖς

917 1354 958 1391 ὑὲ
990 1358 1194 1401 παρθένοις
1215 1359 1317 1403 ’Έζιιη
1350 1360 1422 1404 (G)
1423 1361 1518 1394 ⁷rald.
1553 1361 1595 1404 S)
1595 1363 1652 1392 ·.nt
1684 1359 1729 1393 de

917 1403 983 1436 diis
1007 1405 1063 1437 5.
1093 1404 1230 1448 ΙρΙιῑΙιε.
1265 1407 1398 1439 Butam.
1429 1407 1535 1439 fort.:
1570 1406 1729 1462 lphite.)‚

917 1447 1056 1493 Αίόλη,
1102 1452 1300 1494 Περιβοια,
1344 1454 1436 1493 Δία,
1480 1450 1729 1495 Ἀρτικραίτεια

915 1496 1001 1538 (scr.
1019 1495 1285 1540 Ἀστυκράτεια.
1311 1499 1439 1532 Βιιττηι.
1444 1499 1474 1542 ),
1494 1496 1729 1556 Ηφαίστεια.

915 1554 935 1576 ο
963 1540 1003 1576 δὲ
1028 1541 1236 1588 Εὐριπίόης
1262 1544 1391 1586 ετέρως
1415 1545 1562 1588 ιστορεῖ.
1597 1543 1726 1586 ἄλλως.

913 1585 1010 1627 τινὲς
1033 1590 1230 1632 (Heraclid.
1253 1592 1360 1635 Alleg.
1386 1602 1464 1647 cap.
1491 1593 1554 1626 ult.
1577 1592 1727 1635 Buttm.)

915 1633 1161 1692 άλληγορικῶς
1202 1621 1346 1671 Αἵῢολον
1370 1636 1438 1681 μὲν
1477 1638 1622 1682 λέγουσι
1661 1637 1728 1672 τόν

914 1679 1108 1723 ἐνιαυτὸν,
1144 1682 1288 1718 δώδεκα
1305 1682 1352 1740 ,δὲ
1379 1685 1518 1725 παῖδας
1543 1698 1634 1726 τους
1655 1685 1728 1729 μῆ-

914 1740 980 1766 νας
1005 1733 1071 1761 etc.
1123 1729 1172 1762 E:
1207 1727 1314 1765 ἔνθ’
1341 1750 1382 1754 -
1410 1731 1588 1766 υἱάσιν.
1630 1730 1726 1766 κατὰ

914 1772 1004 1813 ἔθος
1027 1772 1197 1829 ἀρχαῖον,
1223 1774 1320 1811 καθ’
1347 1773 1368 1811 ὃ
1391 1779 1453 1812 καὶ
1479 1776 1497 1813 ὁ
1527 1776 1618 1818 Ζεῦς
1640 1790 1727 1813 συν-

915 1819 1002 1864 ςόκει
1025 1823 1069 1865 τῇ
1098 1819 1198 1869 Ἡρα.
1248 1822 1369 1858 ἐδόκει
1392 1823 1462 1868 γάρ
1491 1829 1570 1865 τοῖς
1593 1828 1727 1860 παλαι-

914 1871 990 1908 οῑς,
1026 1868 1118 1924 μέγα
1141 1882 1176 1902 τι
1200 1873 1261 1904 και
1286 1869 1354 1914 τὴν
1385 1870 1423 1906 ἐκ
1449 1871 1595 1915 φύσεως
1621 1875 1726 1915 φιλο-

912 1917 1086 1957 στοργίαν
1128 1917 1179 1955 εἰς
1221 1915 1490 1963 ὁμοφροσύιην
1524 1918 1726 1963 συμβαλλε-

912 1962 1015 1995 σθαι.
1053 1959 1278 2018 Ἀλκιριαδην
1309 1964 1457 2006 μέντοι,
1496 1967 1723 2010 παρεξηυλη-

909 2006 1022 2059 μένον
1047 2007 1085 2042 ἐν
1110 2010 1163 2053 zai
1196 2007 1311 2050 ἇλλυς
1335 2012 1444 2056 βιοῦν
1471 2010 1724 2068 ἐξωλέστερον,

912 2053 1072 2095 ἔσκωψε,
1107 2055 1242 2100 φασὶν,
1271 2054 1523 2103 Ἀντισθένης,
1556 2060 1723 2101 παράνο-

910 2113 984 2143 μον
1010 2113 1106 2134 ειναι
1128 2116 1186 2136 και
1215 2111 1298 2143 εις
1289 2108 1488 2147 υναῖκας,
1521 2119 1553 2139 κ.
1578 2107 1631 2146 εἰς
1653 2105 1723 2150 τήν

912 2145 1024 2190 ἄλλην
1051 2149 1218 2183 διαιταν·
1245 2154 1409 2186 συνεῖναι
1430 2165 1498 2203 γαρ
1519 2152 1578 2187 καὶ
1598 2151 1722 2197 μητρι,

910 2207 943 2228 κ.
968 2197 1149 2238 θυγατρὶ,
1182 2208 1212 2229 κ.
1238 2195 1401 2243 ἀδελφῇ,
1439 2204 1488 2239 ας
1511 2198 1600 2240 τούς
1628 2199 1722 2243 Πέρ-

912 2251 989 2280 σας.
1033 2249 1137 2274 notus
1163 2244 1374 2277 Graecorum
1401 2257 1470 2278 mos
1495 2246 1641 2279 ducendi
1666 2257 1722 2279 so·-

912 2298 1009 2320 rores
1033 2282 1285 2328 ὁμοπατρίους
1310 2292 1361 2334 (v.
1381 2291 1459 2324 Bos.
1476 2292 1571 2336 Epit
1593 2293 1721 2337 antiqu-

911 2344 964 2376 gr.
990 2345 1022 2378 p.
1049 2335 1127 2367 202.
1153 2341 1190 2368 et
1212 2337 1334 2379 9034)
1369 2350 1466 2381 quem
1501 2350 1626 2372 morem
1660 2338 1721 2371 da-

911 2386 1023 2420 mnat,
1058 2391 1120 2413 nec
1151 2381 1339 2423 immerito,
1371 2383 1418 2416 Io.
1453 2384 1620 2418 ΜῡΗειιιε
1646 2385 1721 2417 All-

910 2437 1000 2469 gem
1022 2426 1142 2462 Gesch.
1171 2430 1200 2461 1.
1227 2439 1261 2471 p.
1283 2430 1381 2471 170.
1408 2429 1467 2462 ubi
1494 2431 1579 2463 haec
1602 2431 1721 2475 legun-

909 2479 968 2504 tur
989 2472 1031 2504 de
1044 2472 1270 2507 Ptolemaeis:
1296 2474 1393 2515 „Das
1413 2475 1722 2519 k6nig1iche1-1aus

909 2518 1034 2550 uurde
1065 2519 1125 2551 mit
1152 2519 1266 2563 jedem
1293 2522 1612 2556 Geschlechtsalter
1644 2534 1722 2557 aus-

907 2568 1097 2605 gearteter.
1147 2566 1227 2599 Man
1262 2568 1397 2601 ιιιὸεΙιῐο
1430 2569 1595 2602 versucht
1624 2580 1722 2613 seyn‚

908 2610 998 2642 Eine
1024 2611 1180 2644 Ursache
1205 2613 1302 2645 dorin
1328 2625 1369 2646 zu
1394 2614 1533 2654 suchen,
1560 2615 1639 2648 dass
1663 2616 1721 2649 die

907 2655 1102 2689 Ptolem’ier
1141 2659 1356 2701 geufibulicli
1391 2659 1466 2692 ihre
1498 2660 1720 2695 Schwestern

909 2702 1136 2737 heiratheten
1193 2705 1304 2737 Sollte
1340 2703 1395 2737 bei
1433 2704 1620 2740 Menschen
1649 2707 1719 2742 wie

907 2747 963 2780 bei
990 2748 1199 2783 'lhierarten
1225 2762 1265 2783 zu
1290 2751 1549 2796 Unterlialtung
1573 2764 1606 2786 u.
1629 2753 1717 2786 Ver-

908 2794 1037 2838 edlung
1057 2795 1118 2827 der
1134 2796 1252 2839 Raoen
1273 2796 1497 2830 erforderlich
1521 2809 1617 2841 seyn,
1641 2799 1716 2834 sich

908 2851 948 2872 zu
984 2840 1264 2894 ουτεὴκτειιτοη,
1309 2853 1350 2874 zu
1387 2844 1604 2878 erneuern‘Z‘
1597 2847 1619 2863 ‘⁶
1666 2845 1716 2880 ita

905 2885 1040 2930 quidem
1075 2887 1207 2920 censuit
1231 2887 1262 2920 J.
1291 2888 1330 2921 R.
1359 2889 1562 2930 Fursterus,
1596 2887 1616 2926 ὁ
1650 2903 1715 2926 κο-

905 2930 1176 2986 σμοπλεύστης,
1201 2933 1309 2976 jocari
1334 2933 1390 2967 ille
1415 2935 1569 2968 solitus‘
1559 2947 1592 2970 in
1617 2937 1713 2981 prin-

905 2979 1018 3023 cipes,
1057 2979 1244 3024 principum
1278 2980 1350 3013 fere
1376 2981 1462 3014 filias
1490 2989 1711 3039 cognatorum

903 3025 958 3058 vel
992 3024 1145 3059 affinium
1185 3025 1359 3060 ducentes.
1398 3045 1442 3052 —-
1500 3026 1710 3070 α’κοίτις,
