1856 3282
542 164 1117 208 ΟΔΤΣΣΕΙΑΣ
1170 166 1228 206 Π.

236 273 345 318 ἀλλὰ
373 273 483 318 πολύ
513 272 714 325 πλέονες·
744 274 851 343 τάχα
880 272 924 317 δ’
955 273 1086 316 εἴσεαι
1114 273 1267 318 ἐνθάδ’
1302 274 1506 333 ἀριθμόν.

236 330 284 373 ἐκ
313 330 390 385 μὲν
418 332 670 385 Δουλιχίοιο
702 330 793 373 δύω
823 330 895 373 καὶ
923 328 1188 384 πεντήκοντα

233 393 391 439 κοῦροι
419 387 681 453 κεκριμένοι,
710 387 755 437 ἓξ
785 387 831 429 δὲ
861 389 1094 441 δρηστῆρες
1122 375 1322 429 ἕπονται·

233 442 280 485 ἐκ
311 443 357 485 δὲ
385 440 540 511 Σάμης
567 443 746 495 πίσυρές
774 458 818 485 τε
847 443 921 484 καὶ
951 444 1085 485 εἴκοσι
1114 445 1253 511 φῶτες
1282 443 1426 486 ἔασιν·

121 500 203 542 250
231 497 280 541 ἐκ
309 498 355 540 δὲ
383 499 624 541 Ζακύνθου
653 498 774 541 έάσιν
803 497 960 541 ἐείκοσι
992 501 1150 566 κοῦροι
1176 495 1377 550 Ἀχαιῶν·

233 554 280 596 ἐκ
309 552 350 596 δ’
382 553 514 623 αὐτῆς
535 553 713 624 Ἰθάκης
745 556 1006 597 δυοκαίδεκα
1033 553 1189 602 πάντες
1217 552 1410 604 ἄριστοι·

231 611 307 653 καί
336 620 441 664 σφιν
471 608 546 665 ἅμ’
576 610 663 653 ἐστὶ
693 611 856 653 Μέδων
885 610 1043 666 κῆρυξ,
1073 610 1146 652 καὶ
1174 612 1296 657 θεῖος
1324 610 1483 663 ἀοιδὸς,

230 665 303 709 καὶ
333 667 445 709 δοιώ
467 665 710 734 θεράποντε
740 665 929 735 δαήμονε
959 665 1300 718 δαιτροσυνάων.

229 737 318 764 των
347 723 388 764 εἴ
412 738 486 765 κεν
516 722 696 766 πάντων
726 721 983 791 άντήσομεν
999 723 1127 765 ε’νδον
1155 720 1330 771 ἐόντων,

119 779 201 823 255
228 778 287 847 μῆ
316 779 567 833 πολύπικρα
595 782 668 822 καὶ
698 778 799 821 αἰνοὶ
828 780 928 832 βίας
957 777 1182 820 ἀποτίσεαι
1212 775 1370 819 ἐλθών.

229 833 339 876 άλλα
371 834 471 905 σύγρῖ
481 869 491 888 ,
523 837 559 878 εἰ
588 835 775 878 δύνασαί
801 833 889 876 τιν’
913 832 1148 904 ἀμύντορα
1177 831 1444 888 μερμηρίξαι,

228 889 415 946 φράζευ,
444 890 471 935 ὅ
496 891 572 935 κέν
599 906 664 940 τις
691 893 803 932 νωιν
833 888 996 945 άμύνοι
1023 891 1251 946 πρόφρονι
1279 893 1424 946 θυμω
1431 889 1459 911 “

577 991 788 1036 magnanima
813 992 948 1036 Ulyssis
973 991 1157 1026 sententia.

307 1056 396 1101 Τὸν
427 1057 466 1102 δ’
499 1054 602 1101 αὖτε
631 1059 858 1112 προσέειπε
887 1058 1105 1110 πολύτλας
1135 1060 1228 1109 δῖος
1254 1055 1509 1107 Ὀδυσσεύς·

223 1114 413 1168 ,,τοιγάρ
445 1114 553 1168 έγων
581 1115 705 1168 ἐρέω·
740 1118 794 1158 σύ
825 1115 872 1159 δὲ
902 1116 1082 1167 σύνθεο,
1112 1116 1187 1158 καί
1215 1129 1295 1165 μευ
1326 1112 1534 1166 ἄκουσον,

107 1176 193 1216 26ῠ
223 1172 295 1214 καὶ
326 1171 512 1240 φράσαι,
546 1172 586 1213 εἴ
611 1187 686 1213 κεν
714 1176 823 1213 νωϊν
846 1171 1006 1226 Ἀθήνη
1036 1149 1115 1221 ξδν
1142 1171 1224 1212 Διῒ
1251 1169 1382 1249 πατιρὶ

223 1225 418 1282 ἀρκέσει,
447 1225 496 1298 ῆέ
525 1225 610 1269 τιν’
643 1226 777 1270 άλλον
805 1225 1032 1282 άμύντορα
1048 1227 1356 1299 μερμηρίξω.ιι

306 1283 395 1325 Τὸν
425 1282 469 1326 δ’
498 1284 555 1326 αὐ
591 1284 835 1354 Τηλέμαχος
864 1281 1136 1337 πεπνυμένος
1168 1284 1319 1325 ἀντίον
1347 1280 1484 1349 ηύδα·

222 1337 405 1391 ,,έσθλω’
436 1355 502 1382 τοι
530 1339 670 1382 τούτω
700 1340 744 1395 γ’
776 1340 1071 1394 ἐπαμύντορε.
1101 1338 1206 1389 τούς
1235 1338 1475 1394 ἀγορεύεις,

221 1394 304 1445 ὕψι
332 1411 411 1448 περ
442 1395 488 1438 έν
515 1397 712 1450 νεφέεσσι
738 1397 994 1464 καθημένω,
1026 1395 1106 1438 ὥτε
1134 1396 1209 1438 καὶ
1238 1395 1407 1475 ἄλλοιςα,

108 1454 192 1498 265
221 1450 411 1506 ἀνδράσι
438 1467 505 1506 τε,
534 1452 789 1508 κρατέουσι,
820 1454 894 1497 καὶ
925 1452 1187 1496 ἀθανάτοισι
1215 1454 1407 1495 θεοῖσι.“

270 1554 403 1588 domum
426 1554 542 1589 redire
562 1556 660 1599 jubet
683 1555 802 1596 filium,
828 1567 925 1600 quem
950 1567 987 1589 se
1009 1566 1086 1589 mox
1110 1554 1253 1589 mendici
1277 1552 1393 1599 specie
1415 1557 1609 1588 secuturum
1627 1566 1704 1590 esse

185 1599 260 1642 ait,
286 1601 468 1634 contemtis
490 1601 622 1646 injuriis
646 1613 844 1646 procorum;
878 1607 949 1635 tum
981 1613 1074 1635 arma
1107 1600 1140 1634 in
1177 1601 1411 1645 penetralibus
1443 1600 1573 1634 aedium
1600 1613 1702 1646 repo-

183 1657 285 1687 nere,
319 1658 382 1680 nec
406 1658 608 1691 quemquam
633 1647 676 1681 de
708 1648 823 1682 reditu
848 1658 909 1681 suo
936 1647 1115 1681 certiorem
1139 1647 1273 1690 facere,
1309 1657 1375 1691 quo
1400 1646 1532 1680 cautius
1555 1647 1702 1682 familia-

186 1691 273 1726 rium
297 1692 425 1726 animos
449 1695 638 1737 explorent.

301 1758 390 1803 Τὸν
419 1758 459 1802 δ’
494 1754 598 1803 αὖτε
627 1758 852 1813 προσέειπε
881 1759 1098 1810 πολύτλας
1129 1761 1222 1809 δῖος
1250 1756 1503 1809 Ὀδυσσεύς·

218 1831 313 1868 „ov
342 1815 423 1871 μέν
451 1831 520 1859 τοι
548 1817 674 1860 κείνω
703 1832 780 1886 γε
783 1817 924 1860 πολύν
951 1815 1112 1872 χρόνον
1142 1815 1280 1887 ἀμφὶς
1310 1815 1491 1858 ἔσεσθον

218 1871 465 1928 φυλόπιδος
493 1875 725 1929 κρατερῆς,
757 1871 887 1917 ὁπότε
916 1876 1156 1930 μνηστῆρσι
1184 1871 1258 1916 καὶ
1286 1871 1393 1928 ἡμῖν

41 2009 159 2053 prete=
195 2007 282 2042 doch
324 2008 388 2042 dae
420 2009 614 2053 geschenk,
655 2009 719 2042 das
755 2013 847 2043 etwa

42 2054 123 2087 dein
153 2054 257 2087 Hebes
287 2054 368 2087 herz
398 2056 464 2088 mir
487 2056 684 2088 bestimmet.
733 2066 767 2089 v.
798 2054 846 2088 ibi

46 2111 136 2140 ann„
162 2104 197 2134 et
216 2100 352 2135 cf.260.
386 2100 429 2134 ad
447 2101 587 2135 eundem
610 2101 740 2134 modurn
761 2100 845 2133 scri-

0 2170 2 2180 .
46 2150 149 2189 ptura
165 2146 474 2180 Vindobonensium
499 2147 650 2180 codicum
675 2147 724 2180 ita
749 2146 846 2179 reddi

47 2196 181 2235 potest·
202 2192 293 2225 denn
304 2193 398 2226 nicht
413 2198 505 2226 etwa
518 2204 583 2226 nur
597 2193 684 2225 zchn
695 2193 771 2225 sind
785 2193 846 2225 der

50 2237 254 2278 Freiendeu,
273 2239 354 2271 oder
363 2239 450 2272 auch
466 2239 636 2282 zwanzig.
646 2257 691 2263 —
711 2236 795 2282 οἶτρ
808 2250 846 2272 ε-

46 2295 142 2324 κες,
174 2281 374 2326 ἀτρεκέως,
410 2295 449 2318 re
481 2285 529 2317 ad
561 2296 679 2317 verum
711 2290 845 2319 exacta.

47 2340 82 2363 v.
113 2327 166 2370 α’,
191 2331 279 2371 169,
312 2329 351 2362 11.
383 2327 439 2374 β’,
472 2332 594 2365 10.-
638 2342 748 2365 ουτε
775 2327 848 2365 δύ’

47 2372 161 2410 οἶαι.
191 2372 242 2419 μ’,
267 2356 355 2417 154,
379 2375 419 2418 ξ’,
443 2374 508 2417 94,
536 2375 574 2409 11.
599 2373 650 2417 ω’,
676 2376 755 2410 473.

91 2441 287 2478 246-257.
319 2441 503 2485 ἐνθάδ’,
528 2443 582 2477 hic
602 2454 643 2477 ex
660 2454 723 2477 me.
756 2442 844 2477 idem

44 2500 110 2534 par
131 2489 294 2523 librorum
320 2490 487 2526 Vindoba
521 2487 651 2530 αὐτὸς,
675 2489 844 2533 dittogra-

43 2535 125 2580 phia
156 2535 264 2569 minus
298 2535 524 2592 significante.
558 2554 602 2560 --
647 2535 844 2578 δρηστῆ-

46 2583 292 2662 ww
295 2592 434 2671 οῖ-ιι
401 2581 846 2682 -κῖικκκοκςῖ

47 2673 140 2716 τροί.
173 2671 207 2706 α’
220 2697 231 2713 ,
258 2671 321 2708 141
343 2640 434 2707 etc?
454 2673 502 2707 E:
539 2640 735 2716 σημείωὲαἱ
758 2670 846 2707 κάν-

47 2718 176 2753 ταῦθα
207 2718 249 2753 τὰ
282 2715 444 2775 ἡρωϊκόν
478 2718 626 2760 εὐτελές.
669 2722 747 2759 τοῖς
775 2731 845 2764 γαρ

47 2763 241 2805 τοσούτοις
273 2764 342 2800 δύο
373 2759 468 2809 ἦσαν
493 2764 658 2807 δαιτροὶ,
690 2763 738 2805 ὥς
771 2766 845 2799 τῶν

47 2809 253 2865 βρωμάτων
277 2807 323 2846 ού
343 2811 550 2846 πολυειδῶν
578 2810 705 2846 ὄντων.
724 2829 766 2835 —·
791 2809 846 2845 έν-

47 2855 246 2900 δοξότερον
276 2856 316 2892 δὲ
350 2858 522 2901 φαίνεται
545 2857 586 2892 τὸ
611 2855 649 2892 ἐκ
676 2859 846 2892 Δουλι-

46 2905 92 2947 xl
100 2915 154 2939 ov
178 2904 318 2947 φῦλον·
341 2905 489 2943 πλείους
512 2916 549 2938 τε
572 2901 643 2946 γόρ
668 2903 734 2937 εἰσι
758 2904 845 2937 κοῦ-

47 2961 107 2992 ροι
130 2947 310 2991 ἔκκριτοι,
333 2949 395 2984 καὶ
420 2950 623 2994 δρηστῆρας
647 2946 754 2983 αύτο1
778 2946 844 2988 μό·

46 3006 108 3029 νοι
130 2993 224 3040 ἔχειν
248 2995 423 3041 λέγονται.
452 3015 499 3021 —
538 2994 716 3035 ἀοιδός.
751 2994 843 3027 Phe-

892 2007 997 2065 miup,
1039 2004 1080 2048 ὅς
1112 2004 1151 2050 ῤ’
1197 2004 1297 2062 ἤειδε
1334 2018 1437 2050 παρα
1470 2007 1699 2063 μνηστῆρσιν

893 2053 1051 2099 ἀνάγκῃ,
1076 2058 1113 2111 u‚t
1137 2052 1187 2087 ait
1210 2051 1257 2094 α’,
1284 2051 1358 2088 154.
1382 2071 1428 2078 -
1461 2053 1510 2086 Ε·
1537 2051 1607 2098 ὅρα
1630 2053 1699 2098 τὴν

894 2100 1052 2144 ἔλλειψιν
1083 2099 1121 2134 έν
1154 2100 1214 2154 τῷ
1236 2096 1293 2142 μὴ
1327 2096 1605 2142 πολύπικρα
1636 2100 1699 2136 καὶ

893 2146 985 2190 ἑξῆς.
1032 2146 1144 2179 λείπει
1168 2144 1238 2188 γὰρ
1263 2143 1304 2179 τὸ
1334 2144 1525 2186 σκόπει,
1551 2145 1574 2190 ἢ
1600 2147 1697 2182 σκέ-

891 2204 1002 2233 που,
1026 2187 1054 2247 ᾖ
1078 2191 1293 2231 δέδοικα,
1322 2189 1345 2234 ἥ
1365 2203 1400 2226 τι
1423 2193 1609 2233 τοιοῦτον,
1634 2193 1698 2228 ἵνα

891 2238 997 2282 λέγῃ.
1023 2236 1080 2272 ὅτι
1105 2236 1186 2277 δέος
1210 2235 1296 2277 ἐστὶ,
1321 2236 1396 2280 μή,
1419 2238 1586 2273 τίσεσθαι
1609 2252 1698 2280 τους

893 2282 1029 2323 κακούς
1050 2281 1297 2326 προθέμενος,
1328 2283 1538 2328 πικρανθῆς
1573 2282 1696 2326 αὑτός.

893 2332 936 2364 cf.
958 2329 1070 2373 Viget.
1090 2340 1122 2373 p.
1143 2330 1221 2364 455
1242 2335 1277 2363 et
1295 2328 1555 2364 Grammaticos.
1592 2331 1694 2366 Sch..

890 2376 1160 2418 πολύπικρα
1183 2374 1262 2410 καὶ
1287 2374 1416 2410 alvei.
1441 2372 1535 2410 πολυ
1557 2377 1697 2419 πικροῖς

890 2422 1157 2465 (πολυπίκρως)
1181 2434 1213 2455 κ.
1239 2422 1378 2460 δεινοῖς
1401 2440 1445 2446 -
1477 2422 1588 2465 βίας
1621 2420 1696 2458 α’π.

889 2467 940 2511 λ’,
967 2469 1043 2502 117.
1076 2487 1118 2492 -
1163 2463 1420 2520 ἀμύντορα.
1465 2466 1521 2521 β’,
1546 2469 1625 2503 326.
1649 2489 1695 2494 -

889 2513 1153 2558 πρόφρονι,
1178 2512 1374 2556 προθύμῳ.
1400 2512 1449 2602 ΙΙΙ.ι
1468 2526 1519 2555 ω,
1542 2515 1609 2549 140
1626 2522 1694 2558 etc

934 2572 1015 2607 259.
1064 2568 1107 2611 ο’,
1130 2571 1219 2610 317,
1245 2567 1285 2612 σ’,
1312 2571 1400 2610 128,
1487 2567 1534 2611 α’,
1559 2571 1603 2606 76
1625 2575 1692 2606 etc.

935 2570 1694 2668 263-270.ἐπαμύντι1ρε,α’μυ’ν-

890 2685 984 2715 τορε.
1004 2670 1069 2719 (β,
1082 2674 1150 2708 326
1160 2678 1245 2713 etc.)
1281 2672 1420 2716 pingere
1433 2671 1570 2705 videtur
1588 2682 1692 2716 prae-

893 2718 1017 2775 positio
1037 2729 1205 2752 accessum
1223 2717 1446 2751 auxiliatoris
1474 2718 1512 2750 11
1532 2716 1563 2752 ν’
1566 2742 1576 2760 ,
1592 2716 1692 2752 384.-

891 2765 942 2809 τῷ
975 2762 1013 2798 δ’
1042 2762 1159 2803 ’Ἄσιος
1192 2759 1304 2807 ἦλθεν
1335 2760 1517 2805 ἀμύντωρ.
1541 2782 1585 2787 -
1619 2761 1692 2797 ἂλ-

890 2814 1011 2851 λοις,
1038 2813 1116 2849 τοῖς
1141 2806 1274 2849 ἄλλοις,
1298 2810 1417 2842 ceteris
1435 2808 1600 2849 omnibus,
1625 2819 1691 2842 non

891 2857 993 2889 solum
1026 2855 1122 2888 nobis
1155 2861 1190 2889 et
1221 2855 1363 2888 inimicis
1387 2856 1532 2897 nostris,
1567 2855 1692 2910 procia.

889 2921 933 2926 —
969 2898 1131 2940 ἄλλοις
1173 2900 1429 2943 κρατέουσι
1466 2912 1528 2945 pro
1561 2903 1690 2935 αλλων.

890 2958 920 2979 v.
947 2947 1072 2979 Mamm.
1100 2947 1132 2987 §.
1150 2947 1229 2987 333,
1242 2958 1271 2980 a.
1286 2965 1331 2971 —
1362 2947 1412 2979 1⁴3:
1437 2945 1589 2990 ἀμφὶς
1610 2959 1690 2991 φυ-

888 2990 1111 3034 λόπιδος,
1136 2989 1220 3027 ἀντὶ
1241 2994 1310 3027 τοῦ
1333 2993 1431 3061 ἰδίᾳ,
1456 3006 1490 3028 κ.
1512 2992 1675 3038 χωρὶς-,ν
1679 3019 1689 3027 .

1280 3038 1380 3081 17*
