<?xml version="1.0" encoding="UTF-8"?>
<!DOCTYPE html PUBLIC "-//W3C//DTD XHTML 1.0 Transitional//EN"
    "http://www.w3.org/TR/xhtml1/DTD/xhtml1-transitional.dtd">
<html xmlns="http://www.w3.org/1999/xhtml" xml:lang="en" lang="en">
 <head>
  <title>
</title>
<meta http-equiv="Content-Type" content="text/html;charset=utf-8" />
  <meta name='ocr-system' content='tesseract 3.04.00' />
  <meta name='ocr-capabilities' content='ocr_page ocr_carea ocr_par ocr_line ocrx_word'/>
</head>
<body>
  <div class='ocr_page' id='page_1' title='image "./carmina03home/carmina03home_0393.png"; bbox 0 0 1846 3282; ppageno 0'>
   <div class='ocr_carea' id='block_1_1' title="bbox 0 1566 295 1614">
    <p class='ocr_par' dir='ltr' id='par_1_1' title="bbox 0 1566 295 1614">
     <span class='ocr_line' id='line_1_1' title="bbox 0 1566 295 1614; baseline 0 -10"><span class='ocrx_word' id='word_1_1' title='bbox 0 1567 230 1604; x_wconf 51' lang='lat' dir='ltr'><strong><em>¹—zlea</em></strong></span> <span class='ocrx_word' id='word_1_2' title='bbox 250 1566 295 1614; x_wconf 90' lang='grc' dir='ltr'><strong><em>η’,</em></strong></span> 
     </span>
    </p>
   </div>
   <div class='ocr_carea' id='block_1_2' title="bbox 545 111 1237 154">
    <p class='ocr_par' dir='ltr' id='par_1_2' title="bbox 545 111 1237 154">
     <span class='ocr_line' id='line_1_2' title="bbox 545 111 1237 154; baseline -0.006 0"><span class='ocrx_word' id='word_1_3' title='bbox 545 111 1118 154; x_wconf 73' lang='grc' dir='ltr'><strong><em>ΟΔΥΣΣΕΙΛΣ</em></strong></span> <span class='ocrx_word' id='word_1_4' title='bbox 1170 112 1237 153; x_wconf 90' lang='lat' dir='ltr'><em>M</em></span> 
     </span>
    </p>
   </div>
   <div class='ocr_carea' id='block_1_3' title="bbox 1629 113 1709 154">
    <p class='ocr_par' dir='ltr' id='par_1_3' title="bbox 1629 113 1709 154">
     <span class='ocr_line' id='line_1_3' title="bbox 1629 113 1709 154; baseline 0 -1"><span class='ocrx_word' id='word_1_5' title='bbox 1629 113 1709 154; x_wconf 76' lang='lat'><strong><em>119</em></strong></span> 
     </span>
    </p>
   </div>
   <div class='ocr_carea' id='block_1_4' title="bbox 146 217 1579 784">
    <p class='ocr_par' dir='ltr' id='par_1_4' title="bbox 146 217 1565 783">
     <span class='ocr_line' id='line_1_4' title="bbox 232 217 1372 292; baseline 0.002 -30"><span class='ocrx_word' id='word_1_6' title='bbox 232 237 260 276; x_wconf 87' lang='grc' dir='ltr'><strong><em>η</em></strong></span> <span class='ocrx_word' id='word_1_7' title='bbox 289 219 412 272; x_wconf 80' lang='grc' dir='ltr'><strong>ἆλὸς,</strong></span> <span class='ocrx_word' id='word_1_8' title='bbox 430 218 469 290; x_wconf 86' lang='grc' dir='ltr'><em>ἢ</em></span> <span class='ocrx_word' id='word_1_9' title='bbox 500 219 571 264; x_wconf 83' lang='grc' dir='ltr'><strong><em>ἐπὶ</em></strong></span> <span class='ocrx_word' id='word_1_10' title='bbox 598 223 700 291; x_wconf 79' lang='grc' dir='ltr'><strong>γῆς,</strong></span> <span class='ocrx_word' id='word_1_11' title='bbox 729 217 930 292; x_wconf 78' lang='grc' dir='ltr'><em>ἀλγήσετε</em></span> <span class='ocrx_word' id='word_1_12' title='bbox 950 222 1078 291; x_wconf 87' lang='grc' dir='ltr'><strong><em>πῆμα</em></strong></span> <span class='ocrx_word' id='word_1_13' title='bbox 1105 219 1372 271; x_wconf 81' lang='grc' dir='ltr'><strong><em>παθόντες.“</em></strong></span> 
     </span>
     <span class='ocr_line' id='line_1_5' title="bbox 299 273 1579 346; baseline 0.002 -27.038"><span class='ocrx_word' id='word_1_14' title='bbox 299 274 382 327; x_wconf 83' lang='grc' dir='ltr'><strong><em>Ὣς</em></strong></span> <span class='ocrx_word' id='word_1_15' title='bbox 415 276 572 346; x_wconf 77' lang='grc' dir='ltr'><strong><em>ἔφαθ’·</em></strong></span> <span class='ocrx_word' id='word_1_16' title='bbox 603 276 709 346; x_wconf 79' lang='grc' dir='ltr'><strong><em>ἡμῖν</em></strong></span> <span class='ocrx_word' id='word_1_17' title='bbox 738 277 784 321; x_wconf 83' lang='grc' dir='ltr'><strong><em>δ’</em></strong></span> <span class='ocrx_word' id='word_1_18' title='bbox 815 273 913 321; x_wconf 80' lang='grc' dir='ltr'><strong><em>αὖτ’</em></strong></span> <span class='ocrx_word' id='word_1_19' title='bbox 945 276 1190 320; x_wconf 77' lang='grc' dir='ltr'><em>ἐπεπείθετο</em></span> <span class='ocrx_word' id='word_1_20' title='bbox 1220 276 1364 331; x_wconf 77' lang='grc' dir='ltr'><strong><em>θυμὸς</em></strong></span> <span class='ocrx_word' id='word_1_21' title='bbox 1392 274 1579 335; x_wconf 67' lang='grc' dir='ltr'><strong><em>ἀγήνωρ.</em></strong></span> 
     </span>
     <span class='ocr_line' id='line_1_6' title="bbox 237 330 1397 404; baseline 0.002 -30"><span class='ocrx_word' id='word_1_22' title='bbox 237 330 296 383; x_wconf 82' lang='grc' dir='ltr'><strong><em>ὡς</em></strong></span> <span class='ocrx_word' id='word_1_23' title='bbox 324 332 419 375; x_wconf 90' lang='grc' dir='ltr'><strong><em>τότε</em></strong></span> <span class='ocrx_word' id='word_1_24' title='bbox 446 333 525 387; x_wconf 75' lang='grc' dir='ltr'><strong><em>μὲν</em></strong></span> <span class='ocrx_word' id='word_1_25' title='bbox 554 334 731 386; x_wconf 82' lang='grc' dir='ltr'><strong><em>πρόπαν</em></strong></span> <span class='ocrx_word' id='word_1_26' title='bbox 758 331 874 404; x_wconf 78' lang='grc' dir='ltr'><strong><em>ἦμαρ</em></strong></span> <span class='ocrx_word' id='word_1_27' title='bbox 903 333 947 383; x_wconf 81' lang='grc' dir='ltr'><strong><em>ἐς</em></strong></span> <span class='ocrx_word' id='word_1_28' title='bbox 975 332 1122 389; x_wconf 83' lang='grc' dir='ltr'><strong><em>ἠέλιον</em></strong></span> <span class='ocrx_word' id='word_1_29' title='bbox 1150 332 1397 376; x_wconf 82' lang='grc' dir='ltr'><strong><em>καταδύντα</em></strong></span> 
     </span>
     <span class='ocr_line' id='line_1_7' title="bbox 151 387 1450 459; baseline 0.001 -27"><span class='ocrx_word' id='word_1_30' title='bbox 151 393 205 432; x_wconf 85' lang='grc'><strong><em>30</em></strong></span> <span class='ocrx_word' id='word_1_31' title='bbox 233 387 374 457; x_wconf 81' lang='grc' dir='ltr'><strong><em>ἥμεθα</em></strong></span> <span class='ocrx_word' id='word_1_32' title='bbox 404 389 659 459; x_wconf 78' lang='grc' dir='ltr'><strong><em>δαινύμενοι</em></strong></span> <span class='ocrx_word' id='word_1_33' title='bbox 687 389 793 442; x_wconf 82' lang='grc' dir='ltr'><strong><em>κρέα</em></strong></span> <span class='ocrx_word' id='word_1_34' title='bbox 822 388 863 432; x_wconf 89' lang='grc' dir='ltr'><strong><em>τ’</em></strong></span> <span class='ocrx_word' id='word_1_35' title='bbox 894 388 1081 440; x_wconf 78' lang='grc' dir='ltr'><strong><em>ἄσπετα,</em></strong></span> <span class='ocrx_word' id='word_1_36' title='bbox 1109 388 1182 432; x_wconf 85' lang='grc' dir='ltr'><strong><em>καὶ</em></strong></span> <span class='ocrx_word' id='word_1_37' title='bbox 1209 387 1322 438; x_wconf 86' lang='grc' dir='ltr'><strong><em>μέθυ</em></strong></span> <span class='ocrx_word' id='word_1_38' title='bbox 1350 387 1450 446; x_wconf 80' lang='grc' dir='ltr'><strong>ἡδύ.</strong></span> 
     </span>
     <span class='ocr_line' id='line_1_8' title="bbox 232 442 1344 515; baseline 0.001 -28"><span class='ocrx_word' id='word_1_39' title='bbox 232 442 340 499; x_wconf 79' lang='grc' dir='ltr'><strong><em>ἦμος</em></strong></span> <span class='ocrx_word' id='word_1_40' title='bbox 370 443 415 488; x_wconf 82' lang='grc' dir='ltr'><strong><em>δ’</em></strong></span> <span class='ocrx_word' id='word_1_41' title='bbox 443 444 588 515; x_wconf 79' lang='grc' dir='ltr'><strong><em>ἠέλιος</em></strong></span> <span class='ocrx_word' id='word_1_42' title='bbox 620 448 778 490; x_wconf 79' lang='grc' dir='ltr'><strong><em>κατέδυ</em></strong></span> <span class='ocrx_word' id='word_1_43' title='bbox 808 445 880 490; x_wconf 84' lang='grc' dir='ltr'><strong><em>καὶ</em></strong></span> <span class='ocrx_word' id='word_1_44' title='bbox 908 445 976 488; x_wconf 83' lang='grc' dir='ltr'><strong><em>ἐπὶ</em></strong></span> <span class='ocrx_word' id='word_1_45' title='bbox 1005 446 1169 501; x_wconf 79' lang='grc' dir='ltr'><strong><em>κνέφας</em></strong></span> <span class='ocrx_word' id='word_1_46' title='bbox 1195 443 1344 515; x_wconf 77' lang='grc' dir='ltr'><strong><em>ᾗλθεν,</em></strong></span> 
     </span>
     <span class='ocr_line' id='line_1_9' title="bbox 233 500 1246 570; baseline 0.002 -28"><span class='ocrx_word' id='word_1_47' title='bbox 233 503 277 543; x_wconf 87' lang='grc' dir='ltr'><strong><em>οἱ</em></strong></span> <span class='ocrx_word' id='word_1_48' title='bbox 304 501 382 552; x_wconf 78' lang='grc' dir='ltr'><strong><em>μὲν</em></strong></span> <span class='ocrx_word' id='word_1_49' title='bbox 410 518 508 556; x_wconf 85' lang='grc' dir='ltr'><strong><em>κοιμ</em></strong></span> <span class='ocrx_word' id='word_1_50' title='bbox 518 501 675 557; x_wconf 70' lang='grc' dir='ltr'><strong><em>ἦσαντο</em></strong></span> <span class='ocrx_word' id='word_1_51' title='bbox 704 502 821 555; x_wconf 84' lang='grc' dir='ltr'><strong><em>παρὰ</em></strong></span> <span class='ocrx_word' id='word_1_52' title='bbox 847 503 1100 557; x_wconf 80' lang='grc' dir='ltr'><strong><em>πρυμνήσια</em></strong></span> <span class='ocrx_word' id='word_1_53' title='bbox 1129 500 1246 570; x_wconf 83' lang='grc' dir='ltr'><strong><em>νηὸς,</em></strong></span> 
     </span>
     <span class='ocr_line' id='line_1_10' title="bbox 232 555 1463 627; baseline 0 -27"><span class='ocrx_word' id='word_1_54' title='bbox 232 574 270 616; x_wconf 78' lang='grc' dir='ltr'><strong><em>η</em></strong></span> <span class='ocrx_word' id='word_1_55' title='bbox 294 555 336 599; x_wconf 86' lang='grc' dir='ltr'><strong><em>δ’</em></strong></span> <span class='ocrx_word' id='word_1_56' title='bbox 368 557 445 612; x_wconf 81' lang='grc' dir='ltr'><strong><em>ἐμὲ</em></strong></span> <span class='ocrx_word' id='word_1_57' title='bbox 466 575 510 613; x_wconf 78' lang='grc' dir='ltr'><strong><em>χε</em></strong></span> <span class='ocrx_word' id='word_1_58' title='bbox 515 576 606 613; x_wconf 85' lang='grc' dir='ltr'><strong><em>ιρος</em></strong></span> <span class='ocrx_word' id='word_1_59' title='bbox 636 558 806 601; x_wconf 63' lang='grc' dir='ltr'><strong>έ..υῠσα“</strong></span> <span class='ocrx_word' id='word_1_60' title='bbox 824 560 966 614; x_wconf 76' lang='grc' dir='ltr'><strong><em>φίλων</em></strong></span> <span class='ocrx_word' id='word_1_61' title='bbox 996 557 1250 627; x_wconf 74' lang='grc' dir='ltr'><strong><em>ἀπονόσφιν</em></strong></span> <span class='ocrx_word' id='word_1_62' title='bbox 1280 555 1463 612; x_wconf 75' lang='grc' dir='ltr'><strong><em>ἑταίρων</em></strong></span> 
     </span>
     <span class='ocr_line' id='line_1_11' title="bbox 232 613 1395 669; baseline 0.002 -15"><span class='ocrx_word' id='word_1_63' title='bbox 232 613 316 656; x_wconf 83' lang='grc' dir='ltr'><strong><em>εῑσέ</em></strong></span> <span class='ocrx_word' id='word_1_64' title='bbox 347 630 413 659; x_wconf 83' lang='grc' dir='ltr'><strong><em>τε.</em></strong></span> <span class='ocrx_word' id='word_1_65' title='bbox 444 615 517 657; x_wconf 83' lang='grc' dir='ltr'><strong><em>καὶ</em></strong></span> <span class='ocrx_word' id='word_1_66' title='bbox 544 615 823 669; x_wconf 62' lang='grc' dir='ltr'><strong><em>προσέλεκτο,</em></strong></span> <span class='ocrx_word' id='word_1_67' title='bbox 854 615 928 657; x_wconf 83' lang='grc' dir='ltr'><strong><em>καὶ</em></strong></span> <span class='ocrx_word' id='word_1_68' title='bbox 957 615 1186 669; x_wconf 75' lang='grc' dir='ltr'><strong><em>ἐξερέεινεν</em></strong></span> <span class='ocrx_word' id='word_1_69' title='bbox 1214 613 1395 657; x_wconf 32' lang='grc' dir='ltr'><strong><em>έΜκαστα</em></strong></span> 
     </span>
     <span class='ocr_line' id='line_1_12' title="bbox 146 667 1298 739; baseline 0.001 -27"><span class='ocrx_word' id='word_1_70' title='bbox 146 671 201 714; x_wconf 80' lang='lat'><strong><em>35</em></strong></span> <span class='ocrx_word' id='word_1_71' title='bbox 229 667 365 723; x_wconf 65' lang='grc' dir='ltr'><strong><em>αὐτὰρ</em></strong></span> <span class='ocrx_word' id='word_1_72' title='bbox 372 670 477 737; x_wconf 71' lang='grc' dir='ltr'><strong><em>ἐγώ</em></strong></span> <span class='ocrx_word' id='word_1_73' title='bbox 494 675 557 739; x_wconf 86' lang='grc' dir='ltr'><strong><em>τῆ</em></strong></span> <span class='ocrx_word' id='word_1_74' title='bbox 586 671 727 714; x_wconf 82' lang='grc' dir='ltr'><strong><em>πάντα</em></strong></span> <span class='ocrx_word' id='word_1_75' title='bbox 756 670 865 714; x_wconf 78' lang='grc' dir='ltr'><strong><em>κατὰ</em></strong></span> <span class='ocrx_word' id='word_1_76' title='bbox 894 676 1054 725; x_wconf 80' lang='grc' dir='ltr'><strong><em>μοῖραν</em></strong></span> <span class='ocrx_word' id='word_1_77' title='bbox 1085 670 1298 722; x_wconf 78' lang='grc' dir='ltr'><strong><em>κατέλεξα</em></strong></span> 
     </span>
     <span class='ocr_line' id='line_1_13' title="bbox 229 724 1423 784; baseline 0.002 -16"><span class='ocrx_word' id='word_1_78' title='bbox 229 726 303 769; x_wconf 81' lang='grc' dir='ltr'><strong><em>καὶ</em></strong></span> <span class='ocrx_word' id='word_1_79' title='bbox 332 724 427 770; x_wconf 84' lang='grc' dir='ltr'><strong><em>τότε</em></strong></span> <span class='ocrx_word' id='word_1_80' title='bbox 454 726 507 783; x_wconf 75' lang='grc' dir='ltr'><strong><em>δή</em></strong></span> <span class='ocrx_word' id='word_1_81' title='bbox 535 726 583 783; x_wconf 85' lang='grc' dir='ltr'><strong><em>μ’</em></strong></span> <span class='ocrx_word' id='word_1_82' title='bbox 615 727 780 771; x_wconf 80' lang='grc' dir='ltr'><strong><em>ἐπέεσσι</em></strong></span> <span class='ocrx_word' id='word_1_83' title='bbox 809 726 1043 784; x_wconf 76' lang='grc' dir='ltr'><strong><em>προσηύδα</em></strong></span> <span class='ocrx_word' id='word_1_84' title='bbox 1072 727 1229 771; x_wconf 88' lang='grc' dir='ltr'><strong><em>πότνια</em></strong></span> <span class='ocrx_word' id='word_1_85' title='bbox 1259 727 1423 782; x_wconf 84' lang='grc' dir='ltr'><strong><em>Κίρκη·</em></strong></span> 
     </span>
    </p>
   </div>
   <div class='ocr_carea' id='block_1_5' title="bbox 279 827 1711 874">
    <p class='ocr_par' dir='ltr' id='par_1_5' title="bbox 279 827 1711 874">
     <span class='ocr_line' id='line_1_14' title="bbox 279 827 1711 874; baseline 0.001 -13"><span class='ocrx_word' id='word_1_86' title='bbox 279 827 357 862; x_wconf 84' lang='lat' dir='ltr'>dein</span> <span class='ocrx_word' id='word_1_87' title='bbox 385 828 507 864; x_wconf 78' lang='lat' dir='ltr'><strong><em>edocet</em></strong></span> <span class='ocrx_word' id='word_1_88' title='bbox 529 829 687 873; x_wconf 79' lang='lat' dir='ltr'><strong>Ulyssem</strong></span> <span class='ocrx_word' id='word_1_89' title='bbox 714 840 816 873; x_wconf 87' lang='lat' dir='ltr'>porro</span> <span class='ocrx_word' id='word_1_90' title='bbox 842 833 1008 865; x_wconf 79' lang='lat' dir='ltr'><strong><em>eventura</em></strong></span> <span class='ocrx_word' id='word_1_91' title='bbox 1032 829 1067 863; x_wconf 88' lang='lat' dir='ltr'>in</span> <span class='ocrx_word' id='word_1_92' title='bbox 1092 828 1239 871; x_wconf 80' lang='lat' dir='ltr'>itinere3</span> <span class='ocrx_word' id='word_1_93' title='bbox 1272 833 1308 863; x_wconf 76' lang='lat' dir='ltr'><strong><em>et</em></strong></span> <span class='ocrx_word' id='word_1_94' title='bbox 1331 827 1475 874; x_wconf 71' lang='lat' dir='ltr'>primurn</span> <span class='ocrx_word' id='word_1_95' title='bbox 1501 827 1635 872; x_wconf 81' lang='lat' dir='ltr'>quidem</span> <span class='ocrx_word' id='word_1_96' title='bbox 1659 829 1711 862; x_wconf 89' lang='lat' dir='ltr'>di-</span> 
     </span>
    </p>
   </div>
   <div class='ocr_carea' id='block_1_6' title="bbox 136 872 804 919">
    <p class='ocr_par' dir='ltr' id='par_1_6' title="bbox 136 872 804 919">
     <span class='ocr_line' id='line_1_15' title="bbox 136 872 804 919; baseline 0.002 -12"><span class='ocrx_word' id='word_1_97' title='bbox 136 904 143 910; x_wconf 77' lang='grc'><strong><em>,</em></strong></span> <span class='ocrx_word' id='word_1_98' title='bbox 198 872 267 916; x_wconf 82' lang='lat' dir='ltr'>cit,</span> <span class='ocrx_word' id='word_1_99' title='bbox 293 874 461 919; x_wconf 82' lang='lat' dir='ltr'>quomodo</span> <span class='ocrx_word' id='word_1_100' title='bbox 482 874 623 908; x_wconf 82' lang='lat' dir='ltr'>Sirenas</span> <span class='ocrx_word' id='word_1_101' title='bbox 648 875 740 919; x_wconf 80' lang='lat' dir='ltr'><strong><em>effug</em></strong></span> <span class='ocrx_word' id='word_1_102' title='bbox 722 875 804 908; x_wconf 75' lang='lat' dir='ltr'>aiat.</span> 
     </span>
    </p>
   </div>
   <div class='ocr_carea' id='block_1_7' title="bbox 1393 889 1416 909">
    <p class='ocr_par' dir='ltr' id='par_1_7' title="bbox 1393 889 1416 909">
     <span class='ocr_line' id='line_1_16' title="bbox 1393 889 1416 909; baseline 0 -2"><span class='ocrx_word' id='word_1_103' title='bbox 1393 889 1416 909; x_wconf 55' lang='lat' dir='ltr'>Q</span> 
     </span>
    </p>
   </div>
   <div class='ocr_carea' id='block_1_8' title="bbox 308 938 1655 997">
    <p class='ocr_par' dir='ltr' id='par_1_8' title="bbox 308 938 1655 997">
     <span class='ocr_line' id='line_1_17' title="bbox 308 938 1655 997; baseline 0.001 -14"><span class='ocrx_word' id='word_1_104' title='bbox 308 945 495 992; x_wconf 84' lang='grc' dir='ltr'><strong>,,Ταῦτα</strong></span> <span class='ocrx_word' id='word_1_105' title='bbox 523 940 603 997; x_wconf 74' lang='grc' dir='ltr'><strong><em>μὲν</em></strong></span> <span class='ocrx_word' id='word_1_106' title='bbox 633 941 750 985; x_wconf 78' lang='grc' dir='ltr'><strong><em>οὕτω</em></strong></span> <span class='ocrx_word' id='word_1_107' title='bbox 780 942 924 986; x_wconf 73' lang='grc' dir='ltr'><strong><em>πάντα</em></strong></span> <span class='ocrx_word' id='word_1_108' title='bbox 951 944 1253 997; x_wconf 79' lang='grc' dir='ltr'><strong><em>πεπείρανται·</em></strong></span> <span class='ocrx_word' id='word_1_109' title='bbox 1284 941 1338 985; x_wconf 85' lang='grc' dir='ltr'><strong><em>σύ</em></strong></span> <span class='ocrx_word' id='word_1_110' title='bbox 1370 938 1415 985; x_wconf 85' lang='grc' dir='ltr'><strong><em>δ’</em></strong></span> <span class='ocrx_word' id='word_1_111' title='bbox 1447 940 1655 993; x_wconf 72' lang='grc' dir='ltr'><strong><em>ἄκουσον,</em></strong></span> 
     </span>
    </p>
   </div>
   <div class='ocr_carea' id='block_1_9' title="bbox 243 996 265 1010">
    <p class='ocr_par' dir='ltr' id='par_1_9' title="bbox 243 996 265 1010">
     <span class='ocr_line' id='line_1_18' title="bbox 243 996 265 1010; baseline 0 0"><span class='ocrx_word' id='word_1_112' title='bbox 243 996 265 1010; x_wconf 62' lang='grc' dir='ltr'><em>η</em></span> 
     </span>
    </p>
   </div>
   <div class='ocr_carea' id='block_1_10' title="bbox 228 996 1437 1069">
    <p class='ocr_par' dir='ltr' id='par_1_10' title="bbox 228 996 1437 1069">
     <span class='ocr_line' id='line_1_19' title="bbox 228 996 1437 1069; baseline 0 -29"><span class='ocrx_word' id='word_1_113' title='bbox 228 1015 286 1048; x_wconf 83' lang='grc' dir='ltr'><strong><em>ως</em></strong></span> <span class='ocrx_word' id='word_1_114' title='bbox 315 1015 383 1040; x_wconf 82' lang='grc' dir='ltr'><strong><em>τοι</em></strong></span> <span class='ocrx_word' id='word_1_115' title='bbox 413 997 522 1053; x_wconf 77' lang='grc' dir='ltr'><strong><em>ἐγών</em></strong></span> <span class='ocrx_word' id='word_1_116' title='bbox 550 998 682 1066; x_wconf 54' lang='grc' dir='ltr'><strong><em>ἐρέω,</em></strong></span> <span class='ocrx_word' id='word_1_117' title='bbox 715 998 870 1069; x_wconf 80' lang='grc' dir='ltr'><strong><em>μνήσει</em></strong></span> <span class='ocrx_word' id='word_1_118' title='bbox 901 999 947 1042; x_wconf 90' lang='grc' dir='ltr'><strong><em>δέ</em></strong></span> <span class='ocrx_word' id='word_1_119' title='bbox 977 1013 1024 1044; x_wconf 88' lang='grc' dir='ltr'><strong><em>σε</em></strong></span> <span class='ocrx_word' id='word_1_120' title='bbox 1052 1002 1126 1044; x_wconf 81' lang='grc' dir='ltr'><strong><em>καὶ</em></strong></span> <span class='ocrx_word' id='word_1_121' title='bbox 1154 1001 1259 1051; x_wconf 80' lang='grc' dir='ltr'><strong><em>θεὸς</em></strong></span> <span class='ocrx_word' id='word_1_122' title='bbox 1290 996 1437 1048; x_wconf 76' lang='grc' dir='ltr'><strong><em>αὐτός.</em></strong></span> 
     </span>
    </p>
   </div>
   <div class='ocr_carea' id='block_1_11' title="bbox 226 1053 1418 1114">
    <p class='ocr_par' dir='ltr' id='par_1_11' title="bbox 226 1053 1418 1114">
     <span class='ocr_line' id='line_1_20' title="bbox 226 1053 1418 1114; baseline 0 -17"><span class='ocrx_word' id='word_1_123' title='bbox 226 1058 284 1098; x_wconf 67' lang='lat' dir='ltr'><strong><em>Ee</em></strong></span> <span class='ocrx_word' id='word_1_124' title='bbox 269 1059 441 1111; x_wconf 80' lang='grc' dir='ltr'><strong><em>ειρῆνας</em></strong></span> <span class='ocrx_word' id='word_1_125' title='bbox 468 1054 548 1111; x_wconf 80' lang='grc' dir='ltr'><strong><em>μὲν</em></strong></span> <span class='ocrx_word' id='word_1_126' title='bbox 581 1058 758 1110; x_wconf 73' lang='grc' dir='ltr'><strong><em>πρῶτον</em></strong></span> <span class='ocrx_word' id='word_1_127' title='bbox 787 1054 979 1112; x_wconf 76' lang='grc' dir='ltr'><strong><em>ἀφίξεαι,</em></strong></span> <span class='ocrx_word' id='word_1_128' title='bbox 1013 1058 1062 1100; x_wconf 87' lang='grc' dir='ltr'><strong><em>αι’</em></strong></span> <span class='ocrx_word' id='word_1_129' title='bbox 1092 1056 1149 1114; x_wconf 77' lang='grc' dir='ltr'><strong><em>ρὀἷ</em></strong></span> <span class='ocrx_word' id='word_1_130' title='bbox 1177 1073 1221 1100; x_wconf 85' lang='grc' dir='ltr'><strong><em>τε</em></strong></span> <span class='ocrx_word' id='word_1_131' title='bbox 1250 1053 1418 1106; x_wconf 74' lang='grc' dir='ltr'><strong><em>πάντας</em></strong></span> 
     </span>
    </p>
   </div>
   <div class='ocr_carea' id='block_1_12' title="bbox 51 1196 862 1706">
    <p class='ocr_par' dir='ltr' id='par_1_12' title="bbox 54 1196 862 1328">
     <span class='ocr_line' id='line_1_21' title="bbox 54 1196 861 1246; baseline 0.001 -12"><span class='ocrx_word' id='word_1_132' title='bbox 54 1201 123 1236; x_wconf 81' lang='grc'>206</span> <span class='ocrx_word' id='word_1_133' title='bbox 141 1204 207 1234; x_wconf 80' lang='lat' dir='ltr'><strong><em>etc.</em></strong></span> <span class='ocrx_word' id='word_1_134' title='bbox 229 1220 272 1226; x_wconf 89' lang='lat'>—</span> <span class='ocrx_word' id='word_1_135' title='bbox 296 1199 320 1246; x_wconf 81' lang='grc' dir='ltr'>ἢ</span> <span class='ocrx_word' id='word_1_136' title='bbox 345 1196 478 1241; x_wconf 71' lang='grc' dir='ltr'><strong>ἁλὸς,</strong></span> <span class='ocrx_word' id='word_1_137' title='bbox 504 1215 526 1245; x_wconf 86' lang='grc' dir='ltr'><strong><em>η</em></strong></span> <span class='ocrx_word' id='word_1_138' title='bbox 551 1198 626 1235; x_wconf 76' lang='grc' dir='ltr'><strong><em>ἐπὶ</em></strong></span> <span class='ocrx_word' id='word_1_139' title='bbox 650 1201 743 1244; x_wconf 76' lang='grc' dir='ltr'><strong>γῆς.</strong></span> <span class='ocrx_word' id='word_1_140' title='bbox 778 1201 811 1237; x_wconf 84' lang='lat' dir='ltr'>h</span> <span class='ocrx_word' id='word_1_141' title='bbox 831 1213 861 1235; x_wconf 85' lang='lat' dir='ltr'><strong><em>e.</em></strong></span> 
     </span>
     <span class='ocr_line' id='line_1_22' title="bbox 54 1243 862 1294; baseline 0 -13"><span class='ocrx_word' id='word_1_142' title='bbox 54 1244 78 1290; x_wconf 80' lang='grc' dir='ltr'><em>ἢ</em></span> <span class='ocrx_word' id='word_1_143' title='bbox 102 1247 160 1282; x_wconf 81' lang='grc' dir='ltr'><strong><em>ἐπὶ</em></strong></span> <span class='ocrx_word' id='word_1_144' title='bbox 186 1243 295 1290; x_wconf 80' lang='grc' dir='ltr'><strong><em>οἳλος,</em></strong></span> <span class='ocrx_word' id='word_1_145' title='bbox 327 1243 350 1292; x_wconf 81' lang='grc' dir='ltr'><strong><em>ἢ</em></strong></span> <span class='ocrx_word' id='word_1_146' title='bbox 374 1247 433 1282; x_wconf 80' lang='grc' dir='ltr'><strong><em>ἐπὶ</em></strong></span> <span class='ocrx_word' id='word_1_147' title='bbox 456 1248 532 1291; x_wconf 78' lang='grc' dir='ltr'><strong>γῆς.</strong></span> <span class='ocrx_word' id='word_1_148' title='bbox 578 1257 610 1280; x_wconf 91' lang='lat' dir='ltr'>v</span> <span class='ocrx_word' id='word_1_149' title='bbox 636 1245 691 1290; x_wconf 85' lang='grc' dir='ltr'><strong><em>α’,</em></strong></span> <span class='ocrx_word' id='word_1_150' title='bbox 715 1248 783 1289; x_wconf 85' lang='grc'><strong><em>93,</em></strong></span> <span class='ocrx_word' id='word_1_151' title='bbox 815 1245 862 1294; x_wconf 86' lang='grc' dir='ltr'><strong><em>β’,</em></strong></span> 
     </span>
     <span class='ocr_line' id='line_1_23' title="bbox 55 1294 218 1328; baseline 0 0"><span class='ocrx_word' id='word_1_152' title='bbox 55 1294 122 1328; x_wconf 81' lang='grc'><strong>153</strong></span> <span class='ocrx_word' id='word_1_153' title='bbox 151 1298 218 1328; x_wconf 84' lang='lat' dir='ltr'><strong><em>etc.</em></strong></span> 
     </span>
    </p>

    <p class='ocr_par' dir='ltr' id='par_1_13' title="bbox 52 1337 349 1420">
     <span class='ocr_line' id='line_1_24' title="bbox 99 1337 349 1382; baseline 0.004 -9"><span class='ocrx_word' id='word_1_154' title='bbox 99 1340 155 1374; x_wconf 87' lang='grc'><strong><em>28.</em></strong></span> <span class='ocrx_word' id='word_1_155' title='bbox 202 1337 349 1382; x_wconf 74' lang='lat' dir='ltr'><strong><em>n,466.</em></strong></span> 
     </span>
     <span class='ocr_line' id='line_1_25' title="bbox 52 1384 211 1420; baseline -0.006 0"><span class='ocrx_word' id='word_1_156' title='bbox 52 1384 122 1420; x_wconf 77' lang='grc'>324</span> <span class='ocrx_word' id='word_1_157' title='bbox 146 1389 211 1420; x_wconf 84' lang='lat' dir='ltr'><strong><em>etc.</em></strong></span> 
     </span>
    </p>

    <p class='ocr_par' dir='ltr' id='par_1_14' title="bbox 53 1429 858 1519">
     <span class='ocr_line' id='line_1_26' title="bbox 99 1429 858 1474; baseline -0.001 -8"><span class='ocrx_word' id='word_1_158' title='bbox 99 1433 267 1468; x_wconf 76' lang='lat'><strong>29—31.</strong></span> <span class='ocrx_word' id='word_1_159' title='bbox 316 1429 358 1474; x_wconf 88' lang='grc' dir='ltr'><strong><em>ι’,</em></strong></span> <span class='ocrx_word' id='word_1_160' title='bbox 385 1432 469 1472; x_wconf 86' lang='grc'><strong>161,</strong></span> <span class='ocrx_word' id='word_1_161' title='bbox 502 1431 586 1472; x_wconf 85' lang='grc'><strong>162,</strong></span> <span class='ocrx_word' id='word_1_162' title='bbox 615 1430 701 1471; x_wconf 89' lang='grc'><strong>169,</strong></span> <span class='ocrx_word' id='word_1_163' title='bbox 734 1429 858 1465; x_wconf 87' lang='grc'><em>556-</em></span> 
     </span>
     <span class='ocr_line' id='line_1_27' title="bbox 53 1476 528 1519; baseline -0.006 -7"><span class='ocrx_word' id='word_1_164' title='bbox 53 1477 144 1518; x_wconf 87' lang='grc'><strong>558,</strong></span> <span class='ocrx_word' id='word_1_165' title='bbox 167 1476 208 1519; x_wconf 83' lang='grc' dir='ltr'><strong><em>κ’,</em></strong></span> <span class='ocrx_word' id='word_1_166' title='bbox 235 1478 436 1512; x_wconf 85' lang='grc'><strong>183-185</strong></span> <span class='ocrx_word' id='word_1_167' title='bbox 462 1481 528 1509; x_wconf 86' lang='lat' dir='ltr'><strong><em>etc.</em></strong></span> 
     </span>
    </p>

    <p class='ocr_par' dir='ltr' id='par_1_15' title="bbox 51 1519 857 1706">
     <span class='ocr_line' id='line_1_28' title="bbox 97 1519 856 1566; baseline -0.009 -6"><span class='ocrx_word' id='word_1_168' title='bbox 97 1524 197 1560; x_wconf 87' lang='grc'><strong><em>33-</em></strong></span> <span class='ocrx_word' id='word_1_169' title='bbox 206 1525 262 1559; x_wconf 88' lang='grc'><strong><em>35.</em></strong></span> <span class='ocrx_word' id='word_1_170' title='bbox 311 1519 597 1566; x_wconf 73' lang='grc' dir='ltr'><strong><em>ἀπονόσφιν.</em></strong></span> <span class='ocrx_word' id='word_1_171' title='bbox 635 1519 675 1565; x_wconf 86' lang='grc' dir='ltr'><strong><em>ε’,</em></strong></span> <span class='ocrx_word' id='word_1_172' title='bbox 701 1523 766 1557; x_wconf 86' lang='grc'><strong><em>113</em></strong></span> <span class='ocrx_word' id='word_1_173' title='bbox 791 1524 856 1554; x_wconf 81' lang='lat' dir='ltr'><strong><em>etc.</em></strong></span> 
     </span>
     <span class='ocr_line' id='line_1_29' title="bbox 318 1566 856 1612; baseline -0.002 -10"><span class='ocrx_word' id='word_1_174' title='bbox 318 1568 383 1604; x_wconf 91' lang='grc'><strong><em>169</em></strong></span> <span class='ocrx_word' id='word_1_175' title='bbox 403 1573 467 1601; x_wconf 83' lang='lat' dir='ltr'><strong><em>etc.</em></strong></span> <span class='ocrx_word' id='word_1_176' title='bbox 487 1587 531 1592; x_wconf 89' lang='lat'><strong><em>—-</em></strong></span> <span class='ocrx_word' id='word_1_177' title='bbox 554 1566 856 1612; x_wconf 76' lang='grc' dir='ltr'><strong><em>προσέλεκτο,</em></strong></span> 
     </span>
     <span class='ocr_line' id='line_1_30' title="bbox 52 1611 857 1668; baseline -0.001 -20"><span class='ocrx_word' id='word_1_178' title='bbox 52 1615 231 1656; x_wconf 63' lang='lat' dir='ltr'><strong><em>«levaban,</em></strong></span> <span class='ocrx_word' id='word_1_179' title='bbox 260 1619 296 1649; x_wconf 87' lang='lat' dir='ltr'><strong><em>ut</em></strong></span> <span class='ocrx_word' id='word_1_180' title='bbox 316 1613 392 1660; x_wconf 76' lang='grc' dir='ltr'><strong><em>ποὶρ</em></strong></span> <span class='ocrx_word' id='word_1_181' title='bbox 417 1611 458 1649; x_wconf 77' lang='grc' dir='ltr'><strong><em>δ’</em></strong></span> <span class='ocrx_word' id='word_1_182' title='bbox 476 1611 602 1668; x_wconf 81' lang='grc' dir='ltr'><strong><em>Ελένη</em></strong></span> <span class='ocrx_word' id='word_1_183' title='bbox 627 1613 857 1653; x_wconf 72' lang='grc' dir='ltr'><strong><em>τανύπεπλος</em></strong></span> 
     </span>
     <span class='ocr_line' id='line_1_31' title="bbox 51 1657 856 1706; baseline -0.006 -9"><span class='ocrx_word' id='word_1_184' title='bbox 51 1660 194 1705; x_wconf 78' lang='grc' dir='ltr'><strong><em>ἐλέξατο</em></strong></span> <span class='ocrx_word' id='word_1_185' title='bbox 221 1659 272 1702; x_wconf 88' lang='grc' dir='ltr'><strong><em>δ’,</em></strong></span> <span class='ocrx_word' id='word_1_186' title='bbox 295 1661 374 1696; x_wconf 87' lang='grc'><strong>305.</strong></span> <span class='ocrx_word' id='word_1_187' title='bbox 423 1661 468 1694; x_wconf 85' lang='lat' dir='ltr'><strong><em>cf.</em></strong></span> <span class='ocrx_word' id='word_1_188' title='bbox 493 1660 532 1693; x_wconf 79' lang='grc' dir='ltr'><strong><em>ΙΙ.</em></strong></span> <span class='ocrx_word' id='word_1_189' title='bbox 556 1657 609 1706; x_wconf 87' lang='grc' dir='ltr'><strong><em>β’,</em></strong></span> <span class='ocrx_word' id='word_1_190' title='bbox 634 1661 702 1695; x_wconf 85' lang='grc'><strong>515</strong></span> <span class='ocrx_word' id='word_1_191' title='bbox 723 1665 790 1694; x_wconf 76' lang='lat' dir='ltr'><strong><em>etc.</em></strong></span> <span class='ocrx_word' id='word_1_192' title='bbox 810 1678 856 1686; x_wconf 90' lang='lat'>—</span> 
     </span>
    </p>
   </div>
   <div class='ocr_carea' id='block_1_13' title="bbox 52 1704 856 1793">
    <p class='ocr_par' dir='ltr' id='par_1_16' title="bbox 52 1704 856 1793">
     <span class='ocr_line' id='line_1_32' title="bbox 52 1704 640 1761; baseline -0.003 -19"><span class='ocrx_word' id='word_1_193' title='bbox 52 1708 173 1743; x_wconf 74' lang='grc' dir='ltr'><strong><em>κατα</em></strong></span> <span class='ocrx_word' id='word_1_194' title='bbox 195 1711 403 1761; x_wconf 88' lang='grc' dir='ltr'><strong><em>μοῖραν.</em></strong></span> <span class='ocrx_word' id='word_1_195' title='bbox 416 1704 463 1751; x_wconf 89' lang='grc' dir='ltr'><strong>β,</strong></span> <span class='ocrx_word' id='word_1_196' title='bbox 486 1707 552 1741; x_wconf 87' lang='grc'>251</span> <span class='ocrx_word' id='word_1_197' title='bbox 575 1711 640 1740; x_wconf 82' lang='lat' dir='ltr'><strong><em>etc.</em></strong></span> 
     </span>
     <span class='ocr_line' id='line_1_33' title="bbox 97 1752 856 1793; baseline -0.009 -2"><span class='ocrx_word' id='word_1_198' title='bbox 97 1755 265 1791; x_wconf 81' lang='lat'><strong>37-39.</strong></span> <span class='ocrx_word' id='word_1_199' title='bbox 314 1752 489 1793; x_wconf 80' lang='grc' dir='ltr'><strong><em>ταῦτα,</em></strong></span> <span class='ocrx_word' id='word_1_200' title='bbox 520 1753 627 1793; x_wconf 81' lang='lat' dir='ltr'><strong><em>haec,</em></strong></span> <span class='ocrx_word' id='word_1_201' title='bbox 663 1752 730 1785; x_wconf 83' lang='lat' dir='ltr'>iter</span> <span class='ocrx_word' id='word_1_202' title='bbox 761 1754 856 1785; x_wconf 83' lang='lat' dir='ltr'>tuum</span> 
     </span>
    </p>
   </div>
   <div class='ocr_carea' id='block_1_14' title="bbox 48 1795 856 3001">
    <p class='ocr_par' dir='ltr' id='par_1_17' title="bbox 51 1795 856 1936">
     <span class='ocr_line' id='line_1_34' title="bbox 53 1795 856 1842; baseline -0.004 -8"><span class='ocrx_word' id='word_1_203' title='bbox 53 1800 97 1834; x_wconf 82' lang='lat' dir='ltr'><strong><em>ad</em></strong></span> <span class='ocrx_word' id='word_1_204' title='bbox 115 1800 260 1835; x_wconf 84' lang='lat' dir='ltr'><strong><em>Inseros.</em></strong></span> <span class='ocrx_word' id='word_1_205' title='bbox 283 1819 327 1824; x_wconf 97' lang='lat'><strong>—</strong></span> <span class='ocrx_word' id='word_1_206' title='bbox 351 1799 403 1833; x_wconf 89' lang='grc' dir='ltr'><strong><em>Ε·</em></strong></span> <span class='ocrx_word' id='word_1_207' title='bbox 427 1800 748 1842; x_wconf 74' lang='grc' dir='ltr'><strong><em>πεπείρανται</em></strong></span> <span class='ocrx_word' id='word_1_208' title='bbox 772 1795 856 1832; x_wconf 80' lang='grc' dir='ltr'><strong><em>ἀντὶ</em></strong></span> 
     </span>
     <span class='ocr_line' id='line_1_35' title="bbox 51 1843 855 1888; baseline -0.005 -6"><span class='ocrx_word' id='word_1_209' title='bbox 51 1848 122 1882; x_wconf 79' lang='grc' dir='ltr'><strong><em>τοῦ</em></strong></span> <span class='ocrx_word' id='word_1_210' title='bbox 154 1847 424 1886; x_wconf 77' lang='grc' dir='ltr'><strong><em>τετελείωνται,</em></strong></span> <span class='ocrx_word' id='word_1_211' title='bbox 460 1843 532 1879; x_wconf 78' lang='grc' dir='ltr'><strong><em>ἀπὸ</em></strong></span> <span class='ocrx_word' id='word_1_212' title='bbox 564 1845 633 1881; x_wconf 82' lang='grc' dir='ltr'><strong><em>τοῦ</em></strong></span> <span class='ocrx_word' id='word_1_213' title='bbox 665 1845 855 1888; x_wconf 76' lang='grc' dir='ltr'><strong><em>πειραίνω,</em></strong></span> 
     </span>
     <span class='ocr_line' id='line_1_36' title="bbox 53 1889 856 1936; baseline -0.005 -8"><span class='ocrx_word' id='word_1_214' title='bbox 53 1890 104 1934; x_wconf 76' lang='grc' dir='ltr'><strong><em>ὣς</em></strong></span> <span class='ocrx_word' id='word_1_215' title='bbox 123 1890 161 1928; x_wconf 78' lang='grc' dir='ltr'><strong><em>ἐκ</em></strong></span> <span class='ocrx_word' id='word_1_216' title='bbox 180 1894 248 1928; x_wconf 87' lang='grc' dir='ltr'><strong><em>τοῦ</em></strong></span> <span class='ocrx_word' id='word_1_217' title='bbox 267 1894 390 1936; x_wconf 83' lang='grc' dir='ltr'><strong><em>φαίνω</em></strong></span> <span class='ocrx_word' id='word_1_218' title='bbox 409 1889 451 1926; x_wconf 87' lang='grc' dir='ltr'><strong><em>τὸ</em></strong></span> <span class='ocrx_word' id='word_1_219' title='bbox 470 1889 666 1935; x_wconf 80' lang='grc' dir='ltr'><strong><em>πέφανται.</em></strong></span> <span class='ocrx_word' id='word_1_220' title='bbox 679 1909 724 1915; x_wconf 85' lang='lat'>—</span> <span class='ocrx_word' id='word_1_221' title='bbox 747 1889 856 1934; x_wconf 81' lang='grc' dir='ltr'><strong><em>μνή-</em></strong></span> 
     </span>
    </p>

    <p class='ocr_par' dir='ltr' id='par_1_18' title="bbox 48 1937 856 3001">
     <span class='ocr_line' id='line_1_37' title="bbox 52 1937 855 1982; baseline -0.007 -8"><span class='ocrx_word' id='word_1_222' title='bbox 52 1951 124 1976; x_wconf 88' lang='grc' dir='ltr'><strong><em>σει</em></strong></span> <span class='ocrx_word' id='word_1_223' title='bbox 139 1959 184 1964; x_wconf 85' lang='grc'><strong>-</strong></span> <span class='ocrx_word' id='word_1_224' title='bbox 204 1938 286 1974; x_wconf 73' lang='grc' dir='ltr'><strong><em>αΰτ</em></strong></span> <span class='ocrx_word' id='word_1_225' title='bbox 300 1937 318 1973; x_wconf 88' lang='grc' dir='ltr'>ὁ</span> <span class='ocrx_word' id='word_1_226' title='bbox 334 1939 647 1982; x_wconf 73' lang='grc' dir='ltr'><strong><em>ς,α(1ηιοηε1)ἰτᾳιιε</em></strong></span> <span class='ocrx_word' id='word_1_227' title='bbox 671 1942 705 1970; x_wconf 78' lang='lat' dir='ltr'><strong><em>tc</em></strong></span> <span class='ocrx_word' id='word_1_228' title='bbox 730 1942 763 1970; x_wconf 85' lang='lat' dir='ltr'><strong><em>ct</em></strong></span> <span class='ocrx_word' id='word_1_229' title='bbox 783 1937 855 1980; x_wconf 82' lang='lat' dir='ltr'><strong><em>ipse</em></strong></span> 
     </span>
     <span class='ocr_line' id='line_1_38' title="bbox 52 1983 856 2028; baseline -0.009 -7"><span class='ocrx_word' id='word_1_230' title='bbox 52 1987 146 2020; x_wconf 74' lang='lat' dir='ltr'><strong><em>deus.</em></strong></span> <span class='ocrx_word' id='word_1_231' title='bbox 170 1983 294 2028; x_wconf 76' lang='grc' dir='ltr'><strong>θεὸς,</strong></span> <span class='ocrx_word' id='word_1_232' title='bbox 305 1984 403 2019; x_wconf 69' lang='grc' dir='ltr'><strong><em>τόθε</em></strong></span> <span class='ocrx_word' id='word_1_233' title='bbox 408 1988 476 2025; x_wconf 84' lang='grc' dir='ltr'><strong><em>ἴον,</em></strong></span> <span class='ocrx_word' id='word_1_234' title='bbox 487 1985 661 2024; x_wconf 78' lang='lat' dir='ltr'>divinitas,</span> <span class='ocrx_word' id='word_1_235' title='bbox 675 1993 856 2026; x_wconf 75' lang='lat' dir='ltr'><strong><em>quaecun-</em></strong></span> 
     </span>
     <span class='ocr_line' id='line_1_39' title="bbox 52 2028 855 2076; baseline -0.005 -10"><span class='ocrx_word' id='word_1_236' title='bbox 52 2038 108 2066; x_wconf 86' lang='lat' dir='ltr'><strong><em>cta</em></strong></span> <span class='ocrx_word' id='word_1_237' title='bbox 119 2033 300 2076; x_wconf 67' lang='lat' dir='ltr'>gubernat,</span> <span class='ocrx_word' id='word_1_238' title='bbox 320 2031 374 2064; x_wconf 75' lang='lat' dir='ltr'><strong><em>vel</em></strong></span> <span class='ocrx_word' id='word_1_239' title='bbox 387 2032 542 2064; x_wconf 77' lang='lat' dir='ltr'><strong><em>fortuna·</em></strong></span> <span class='ocrx_word' id='word_1_240' title='bbox 534 2054 543 2070; x_wconf 92' lang='lat'>‚</span> <span class='ocrx_word' id='word_1_241' title='bbox 562 2029 652 2074; x_wconf 86' lang='lat' dir='ltr'>quod</span> <span class='ocrx_word' id='word_1_242' title='bbox 664 2028 855 2072; x_wconf 76' lang='lat' dir='ltr'>germanice</span> 
     </span>
     <span class='ocr_line' id='line_1_40' title="bbox 52 2076 854 2120; baseline -0.009 -7"><span class='ocrx_word' id='word_1_243' title='bbox 52 2079 147 2113; x_wconf 78' lang='lat' dir='ltr'>dicas</span> <span class='ocrx_word' id='word_1_244' title='bbox 172 2079 250 2112; x_wconf 73' lang='lat' dir='ltr'><strong><em>dein</em></strong></span> <span class='ocrx_word' id='word_1_245' title='bbox 275 2079 414 2118; x_wconf 82' lang='lat' dir='ltr'><strong><em>Genius,</em></strong></span> <span class='ocrx_word' id='word_1_246' title='bbox 439 2077 519 2109; x_wconf 64' lang='lat' dir='ltr'><strong><em>dein</em></strong></span> <span class='ocrx_word' id='word_1_247' title='bbox 543 2082 645 2120; x_wconf 81' lang='lat' dir='ltr'>gutcs</span> <span class='ocrx_word' id='word_1_248' title='bbox 667 2076 785 2107; x_wconf 78' lang='lat' dir='ltr'><strong><em>(ilu&#39;ck.</em></strong></span> <span class='ocrx_word' id='word_1_249' title='bbox 808 2092 854 2099; x_wconf 93' lang='lat'>—</span> 
     </span>
     <span class='ocr_line' id='line_1_41' title="bbox 53 2119 855 2166; baseline -0.009 -6"><span class='ocrx_word' id='word_1_250' title='bbox 53 2128 125 2160; x_wconf 83' lang='lat' dir='ltr'><strong><em>Am.</em></strong></span> <span class='ocrx_word' id='word_1_251' title='bbox 152 2125 196 2166; x_wconf 87' lang='lat' dir='ltr'><strong><em>Q.</em></strong></span> <span class='ocrx_word' id='word_1_252' title='bbox 221 2123 349 2158; x_wconf 85' lang='lat' dir='ltr'><strong><em>emend.</em></strong></span> <span class='ocrx_word' id='word_1_253' title='bbox 365 2136 373 2157; x_wconf 91' lang='lat'><strong>:</strong></span> <span class='ocrx_word' id='word_1_254' title='bbox 397 2121 463 2163; x_wconf 77' lang='grc' dir='ltr'><strong><em>τὰς</em></strong></span> <span class='ocrx_word' id='word_1_255' title='bbox 487 2123 744 2166; x_wconf 83' lang='grc' dir='ltr'><strong><em>Σειρῆνας,</em></strong></span> <span class='ocrx_word' id='word_1_256' title='bbox 768 2119 855 2164; x_wconf 84' lang='grc' dir='ltr'><strong><em>Ἀχε-</em></strong></span> 
     </span>
     <span class='ocr_line' id='line_1_42' title="bbox 53 2167 854 2223; baseline -0.007 -17"><span class='ocrx_word' id='word_1_257' title='bbox 53 2170 151 2206; x_wconf 80' lang='grc' dir='ltr'><strong><em>λώου</em></strong></span> <span class='ocrx_word' id='word_1_258' title='bbox 174 2170 236 2206; x_wconf 79' lang='grc' dir='ltr'><strong><em>και</em></strong></span> <span class='ocrx_word' id='word_1_259' title='bbox 265 2168 516 2223; x_wconf 79' lang='grc' dir='ltr'><strong><em>Τερψιχόρης,</em></strong></span> <span class='ocrx_word' id='word_1_260' title='bbox 540 2170 627 2211; x_wconf 81' lang='grc' dir='ltr'><strong><em>μιᾶς</em></strong></span> <span class='ocrx_word' id='word_1_261' title='bbox 649 2167 723 2202; x_wconf 74' lang='grc' dir='ltr'><strong><em>τῶν</em></strong></span> <span class='ocrx_word' id='word_1_262' title='bbox 746 2169 854 2201; x_wconf 83' lang='lat' dir='ltr'><em>Mov-</em></span> 
     </span>
     <span class='ocr_line' id='line_1_43' title="bbox 54 2212 853 2260; baseline -0.006 -8"><span class='ocrx_word' id='word_1_263' title='bbox 54 2219 147 2258; x_wconf 76' lang='grc' dir='ltr'><strong><em>σῶν,</em></strong></span> <span class='ocrx_word' id='word_1_264' title='bbox 171 2216 206 2252; x_wconf 77' lang='grc' dir='ltr'><strong><em>οὶ</em></strong></span> <span class='ocrx_word' id='word_1_265' title='bbox 231 2215 271 2252; x_wconf 78' lang='grc' dir='ltr'><strong><em>δὲ</em></strong></span> <span class='ocrx_word' id='word_1_266' title='bbox 295 2212 502 2258; x_wconf 81' lang='grc' dir='ltr'><strong><em>Στερόπης,</em></strong></span> <span class='ocrx_word' id='word_1_267' title='bbox 525 2217 590 2260; x_wconf 88' lang='grc' dir='ltr'><strong><em>τῆς</em></strong></span> <span class='ocrx_word' id='word_1_268' title='bbox 614 2212 853 2255; x_wconf 75' lang='grc' dir='ltr'><strong><em>Πορθάονος,</em></strong></span> 
     </span>
     <span class='ocr_line' id='line_1_44' title="bbox 52 2259 854 2317; baseline -0.006 -20"><span class='ocrx_word' id='word_1_269' title='bbox 52 2263 309 2317; x_wconf 84' lang='lat' dir='ltr'><strong><em>(Melpomenen</em></strong></span> <span class='ocrx_word' id='word_1_270' title='bbox 332 2262 418 2296; x_wconf 82' lang='lat' dir='ltr'>dicit</span> <span class='ocrx_word' id='word_1_271' title='bbox 437 2261 592 2316; x_wconf 84' lang='lat' dir='ltr'><strong><em>Apollod.</em></strong></span> <span class='ocrx_word' id='word_1_272' title='bbox 617 2264 650 2302; x_wconf 84' lang='lat'><strong><em>1,</em></strong></span> <span class='ocrx_word' id='word_1_273' title='bbox 670 2263 704 2301; x_wconf 84' lang='lat'><strong><em>3,</em></strong></span> <span class='ocrx_word' id='word_1_274' title='bbox 724 2261 770 2301; x_wconf 80' lang='lat'><strong><em>4,</em></strong></span> <span class='ocrx_word' id='word_1_275' title='bbox 791 2259 854 2293; x_wconf 77' lang='lat' dir='ltr'><strong><em>sed</em></strong></span> 
     </span>
     <span class='ocr_line' id='line_1_45' title="bbox 53 2307 854 2361; baseline -0.008 -19"><span class='ocrx_word' id='word_1_276' title='bbox 53 2309 141 2343; x_wconf 86' lang='lat' dir='ltr'>idem</span> <span class='ocrx_word' id='word_1_277' title='bbox 172 2309 238 2342; x_wconf 81' lang='lat' dir='ltr'>alio</span> <span class='ocrx_word' id='word_1_278' title='bbox 262 2309 335 2342; x_wconf 77' lang='lat' dir='ltr'>luco</span> <span class='ocrx_word' id='word_1_279' title='bbox 365 2307 466 2341; x_wconf 80' lang='lat' dir='ltr'>etiam</span> <span class='ocrx_word' id='word_1_280' title='bbox 501 2307 575 2351; x_wconf 86' lang='lat' dir='ltr'><strong><em>ipse</em></strong></span> <span class='ocrx_word' id='word_1_281' title='bbox 599 2309 779 2361; x_wconf 77' lang='lat' dir='ltr'>Steropen.</span> <span class='ocrx_word' id='word_1_282' title='bbox 821 2316 854 2340; x_wconf 88' lang='lat' dir='ltr'>v</span> 
     </span>
     <span class='ocr_line' id='line_1_46' title="bbox 54 2349 855 2408; baseline -0.004 -20"><span class='ocrx_word' id='word_1_283' title='bbox 54 2355 165 2398; x_wconf 83' lang='lat' dir='ltr'><strong><em>Heyn.</em></strong></span> <span class='ocrx_word' id='word_1_284' title='bbox 191 2355 292 2388; x_wconf 81' lang='lat' dir='ltr'><strong>Obss.</strong></span> <span class='ocrx_word' id='word_1_285' title='bbox 318 2355 362 2388; x_wconf 84' lang='lat' dir='ltr'><strong><em>ad</em></strong></span> <span class='ocrx_word' id='word_1_286' title='bbox 380 2354 534 2406; x_wconf 79' lang='lat' dir='ltr'><strong><em>Apollod.</em></strong></span> <span class='ocrx_word' id='word_1_287' title='bbox 560 2365 591 2398; x_wconf 88' lang='lat' dir='ltr'>p</span> <span class='ocrx_word' id='word_1_288' title='bbox 615 2354 686 2396; x_wconf 89' lang='grc'>15.)</span> <span class='ocrx_word' id='word_1_289' title='bbox 713 2349 855 2408; x_wconf 71' lang='grc' dir='ltr'><strong><em>α’)απη-</em></strong></span> 
     </span>
     <span class='ocr_line' id='line_1_47' title="bbox 54 2396 854 2464; baseline -0.003 -29"><span class='ocrx_word' id='word_1_290' title='bbox 54 2401 170 2442; x_wconf 86' lang='grc' dir='ltr'><strong><em>σάσας</em></strong></span> <span class='ocrx_word' id='word_1_291' title='bbox 185 2400 251 2445; x_wconf 77' lang='grc' dir='ltr'><strong><em>τὴν</em></strong></span> <span class='ocrx_word' id='word_1_292' title='bbox 261 2403 467 2456; x_wconf 80' lang='grc' dir='ltr'><strong><em>παρθενίαν</em></strong></span> <span class='ocrx_word' id='word_1_293' title='bbox 477 2397 722 2464; x_wconf 75' lang='grc' dir='ltr'><strong><em>ἀπεστύγησεν</em></strong></span> <span class='ocrx_word' id='word_1_294' title='bbox 727 2396 854 2441; x_wconf 73' lang='grc' dir='ltr'><strong><em>Ἀφρο-</em></strong></span> 
     </span>
     <span class='ocr_line' id='line_1_48' title="bbox 53 2443 854 2503; baseline -0.002 -21"><span class='ocrx_word' id='word_1_295' title='bbox 53 2449 179 2503; x_wconf 79' lang='grc' dir='ltr'><strong><em>δίτη,</em></strong></span> <span class='ocrx_word' id='word_1_296' title='bbox 184 2460 216 2480; x_wconf 86' lang='grc' dir='ltr'><strong><em>κ.</em></strong></span> <span class='ocrx_word' id='word_1_297' title='bbox 242 2443 466 2490; x_wconf 67' lang='grc' dir='ltr'><strong><em>(ἇρνίθωσεν.</em></strong></span> <span class='ocrx_word' id='word_1_298' title='bbox 508 2445 547 2480; x_wconf 84' lang='grc' dir='ltr'><strong><em>αὶ</em></strong></span> <span class='ocrx_word' id='word_1_299' title='bbox 574 2444 611 2481; x_wconf 76' lang='grc' dir='ltr'><strong><em>δὲ</em></strong></span> <span class='ocrx_word' id='word_1_300' title='bbox 640 2445 706 2481; x_wconf 76' lang='grc' dir='ltr'><strong><em>οἷπ·</em></strong></span> <span class='ocrx_word' id='word_1_301' title='bbox 703 2447 854 2502; x_wconf 66' lang='grc' dir='ltr'><strong><em>’πί-ησαν</em></strong></span> 
     </span>
     <span class='ocr_line' id='line_1_49' title="bbox 55 2489 854 2536; baseline -0.005 -7"><span class='ocrx_word' id='word_1_302' title='bbox 55 2495 108 2535; x_wconf 76' lang='grc' dir='ltr'><strong><em>εἰς</em></strong></span> <span class='ocrx_word' id='word_1_303' title='bbox 140 2492 208 2534; x_wconf 83' lang='grc' dir='ltr'><strong><em>τὴν</em></strong></span> <span class='ocrx_word' id='word_1_304' title='bbox 238 2494 447 2536; x_wconf 80' lang='grc' dir='ltr'><strong><em>Τυρσηνίαν</em></strong></span> <span class='ocrx_word' id='word_1_305' title='bbox 479 2492 561 2534; x_wconf 79' lang='grc' dir='ltr'><strong><em>περὶ</em></strong></span> <span class='ocrx_word' id='word_1_306' title='bbox 594 2493 709 2535; x_wconf 87' lang='grc' dir='ltr'><strong><em>νῆσον</em></strong></span> <span class='ocrx_word' id='word_1_307' title='bbox 731 2489 854 2526; x_wconf 81' lang='grc' dir='ltr'><strong><em>Ἀνθε-</em></strong></span> 
     </span>
     <span class='ocr_line' id='line_1_50' title="bbox 52 2535 854 2599; baseline -0.005 -23"><span class='ocrx_word' id='word_1_308' title='bbox 52 2541 231 2599; x_wconf 81' lang='grc' dir='ltr'><strong><em>μοῦσσαν.</em></strong></span> <span class='ocrx_word' id='word_1_309' title='bbox 266 2537 430 2580; x_wconf 83' lang='grc' dir='ltr'><strong><em>ὀνόματα</em></strong></span> <span class='ocrx_word' id='word_1_310' title='bbox 454 2536 492 2573; x_wconf 83' lang='grc' dir='ltr'><strong><em>ὁε</em></strong></span> <span class='ocrx_word' id='word_1_311' title='bbox 517 2535 640 2574; x_wconf 81' lang='grc' dir='ltr'><strong><em>αυτῶν</em></strong></span> <span class='ocrx_word' id='word_1_312' title='bbox 654 2536 854 2595; x_wconf 75' lang='grc' dir='ltr'><strong><em>Ἀγλαοφή-</em></strong></span> 
     </span>
     <span class='ocr_line' id='line_1_51' title="bbox 51 2582 854 2642; baseline -0.002 -21"><span class='ocrx_word' id='word_1_313' title='bbox 51 2598 110 2642; x_wconf 88' lang='grc' dir='ltr'><strong><em>μη</em></strong></span> <span class='ocrx_word' id='word_1_314' title='bbox 126 2586 187 2622; x_wconf 83' lang='grc' dir='ltr'><strong><em>καὶ</em></strong></span> <span class='ocrx_word' id='word_1_315' title='bbox 211 2584 336 2629; x_wconf 77' lang='grc' dir='ltr'><strong><em>Θελξιέ</em></strong></span> <span class='ocrx_word' id='word_1_316' title='bbox 341 2598 438 2620; x_wconf 83' lang='grc' dir='ltr'><strong><em>πεια.</em></strong></span> <span class='ocrx_word' id='word_1_317' title='bbox 470 2586 560 2628; x_wconf 77' lang='grc' dir='ltr'><strong><em>φασὶ</em></strong></span> <span class='ocrx_word' id='word_1_318' title='bbox 579 2583 618 2620; x_wconf 80' lang='grc' dir='ltr'><strong><em>δε</em></strong></span> <span class='ocrx_word' id='word_1_319' title='bbox 639 2599 699 2625; x_wconf 82' lang='grc' dir='ltr'><strong><em>ως,</em></strong></span> <span class='ocrx_word' id='word_1_320' title='bbox 723 2582 854 2620; x_wconf 79' lang='grc' dir='ltr'><strong><em>Ὀδυσ-</em></strong></span> 
     </span>
     <span class='ocr_line' id='line_1_52' title="bbox 53 2630 852 2689; baseline -0.006 -20"><span class='ocrx_word' id='word_1_321' title='bbox 53 2630 138 2674; x_wconf 78' lang='grc' dir='ltr'><strong><em>σεύς</em></strong></span> <span class='ocrx_word' id='word_1_322' title='bbox 162 2631 289 2689; x_wconf 76' lang='grc' dir='ltr'><strong><em>φυγών</em></strong></span> <span class='ocrx_word' id='word_1_323' title='bbox 313 2630 426 2672; x_wconf 70' lang='grc' dir='ltr'><strong><em>αὐτάς</em></strong></span> <span class='ocrx_word' id='word_1_324' title='bbox 447 2632 623 2673; x_wconf 78' lang='lat' dir='ltr'>(nominat.</span> <span class='ocrx_word' id='word_1_325' title='bbox 643 2643 852 2688; x_wconf 85' lang='lat' dir='ltr'><strong><em>cousequen-</em></strong></span> 
     </span>
     <span class='ocr_line' id='line_1_53' title="bbox 51 2676 852 2735; baseline -0.002 -22"><span class='ocrx_word' id='word_1_326' title='bbox 51 2681 163 2723; x_wconf 79' lang='lat' dir='ltr'>tiae),</span> <span class='ocrx_word' id='word_1_327' title='bbox 197 2677 424 2735; x_wconf 79' lang='grc' dir='ltr'><strong><em>όργισθεῖσαι</em></strong></span> <span class='ocrx_word' id='word_1_328' title='bbox 447 2680 618 2721; x_wconf 72' lang='grc' dir='ltr'><strong><em>καθῆκαν</em></strong></span> <span class='ocrx_word' id='word_1_329' title='bbox 642 2676 775 2717; x_wconf 73' lang='grc' dir='ltr'><strong><em>ἑαυτὰς</em></strong></span> <span class='ocrx_word' id='word_1_330' title='bbox 801 2678 852 2717; x_wconf 76' lang='grc' dir='ltr'><strong><em>εἰς</em></strong></span> 
     </span>
     <span class='ocr_line' id='line_1_54' title="bbox 50 2722 851 2780; baseline -0.005 -19"><span class='ocrx_word' id='word_1_331' title='bbox 50 2725 259 2761; x_wconf 75' lang='grc' dir='ltr'><strong><em>θάλασσαν.</em></strong></span> <span class='ocrx_word' id='word_1_332' title='bbox 295 2722 382 2768; x_wconf 78' lang='grc' dir='ltr'><strong>”Ομ.</strong></span> <span class='ocrx_word' id='word_1_333' title='bbox 416 2723 455 2760; x_wconf 85' lang='grc' dir='ltr'><strong><em>δε</em></strong></span> <span class='ocrx_word' id='word_1_334' title='bbox 489 2723 574 2760; x_wconf 72' lang='grc' dir='ltr'><strong><em>οὔτε</em></strong></span> <span class='ocrx_word' id='word_1_335' title='bbox 587 2724 703 2780; x_wconf 74' lang='grc' dir='ltr'><strong><em>γένος</em></strong></span> <span class='ocrx_word' id='word_1_336' title='bbox 726 2736 851 2759; x_wconf 87' lang='grc' dir='ltr'><strong><em>αυτων</em></strong></span> 
     </span>
     <span class='ocr_line' id='line_1_55' title="bbox 49 2769 850 2817; baseline -0.004 -10"><span class='ocrx_word' id='word_1_337' title='bbox 49 2773 287 2817; x_wconf 82' lang='grc' dir='ltr'><strong><em>παρίστησιν,</em></strong></span> <span class='ocrx_word' id='word_1_338' title='bbox 324 2770 410 2806; x_wconf 76' lang='grc' dir='ltr'><strong><em>οὔτε</em></strong></span> <span class='ocrx_word' id='word_1_339' title='bbox 432 2769 618 2814; x_wconf 79' lang='grc' dir='ltr'><strong><em>πτερωτάς</em></strong></span> <span class='ocrx_word' id='word_1_340' title='bbox 640 2769 755 2810; x_wconf 78' lang='grc' dir='ltr'><strong><em>αὐτάς</em></strong></span> <span class='ocrx_word' id='word_1_341' title='bbox 779 2783 850 2815; x_wconf 85' lang='grc' dir='ltr'><strong><em>φη-</em></strong></span> 
     </span>
     <span class='ocr_line' id='line_1_56' title="bbox 52 2816 850 2862; baseline -0.005 -8"><span class='ocrx_word' id='word_1_342' title='bbox 52 2830 110 2854; x_wconf 85' lang='grc' dir='ltr'><strong><em>σιν</em></strong></span> <span class='ocrx_word' id='word_1_343' title='bbox 133 2817 239 2854; x_wconf 82' lang='grc' dir='ltr'><strong><em>εἶναι.</em></strong></span> <span class='ocrx_word' id='word_1_344' title='bbox 289 2819 492 2862; x_wconf 80' lang='grc' dir='ltr'><strong><em>Σειρῆνας,</em></strong></span> <span class='ocrx_word' id='word_1_345' title='bbox 525 2829 544 2851; x_wconf 88' lang='lat' dir='ltr'>a</span> <span class='ocrx_word' id='word_1_346' title='bbox 576 2816 696 2860; x_wconf 73' lang='grc' dir='ltr'><strong><em>σειρυῖ,</em></strong></span> <span class='ocrx_word' id='word_1_347' title='bbox 732 2818 850 2850; x_wconf 79' lang='lat' dir='ltr'>vincu-</span> 
     </span>
     <span class='ocr_line' id='line_1_57' title="bbox 52 2862 850 2910; baseline -0.005 -11"><span class='ocrx_word' id='word_1_348' title='bbox 52 2865 122 2899; x_wconf 80' lang='lat' dir='ltr'><strong><em>lum</em></strong></span> <span class='ocrx_word' id='word_1_349' title='bbox 153 2866 204 2910; x_wconf 88' lang='lat' dir='ltr'><strong><em>(v.</em></strong></span> <span class='ocrx_word' id='word_1_350' title='bbox 239 2864 376 2899; x_wconf 83' lang='lat' dir='ltr'>Banier.</span> <span class='ocrx_word' id='word_1_351' title='bbox 410 2865 587 2898; x_wconf 77' lang='lat' dir='ltr'><strong><em>I&#39;neren&#39;en</em></strong></span> <span class='ocrx_word' id='word_1_352' title='bbox 621 2864 711 2906; x_wconf 90' lang='grc'><strong>10),</strong></span> <span class='ocrx_word' id='word_1_353' title='bbox 753 2862 850 2904; x_wconf 74' lang='lat' dir='ltr'>quasi</span> 
     </span>
     <span class='ocr_line' id='line_1_58' title="bbox 48 2909 850 2954; baseline 0 -12"><span class='ocrx_word' id='word_1_354' title='bbox 48 2911 251 2951; x_wconf 60' lang='lat' dir='ltr'><strong><em>vindomen,</em></strong></span> <span class='ocrx_word' id='word_1_355' title='bbox 276 2912 309 2944; x_wconf 88' lang='lat' dir='ltr'><strong><em>h.</em></strong></span> <span class='ocrx_word' id='word_1_356' title='bbox 327 2923 358 2945; x_wconf 90' lang='lat' dir='ltr'><strong><em>e.</em></strong></span> <span class='ocrx_word' id='word_1_357' title='bbox 382 2910 594 2951; x_wconf 83' lang='lat' dir='ltr'><strong><em>detinentes,</em></strong></span> <span class='ocrx_word' id='word_1_358' title='bbox 620 2921 697 2949; x_wconf 81' lang='lat' dir='ltr'><strong><em>eos,</em></strong></span> <span class='ocrx_word' id='word_1_359' title='bbox 721 2910 778 2954; x_wconf 82' lang='lat' dir='ltr'>qui</span> <span class='ocrx_word' id='word_1_360' title='bbox 803 2909 850 2942; x_wconf 77' lang='lat' dir='ltr'><strong><em>ad</em></strong></span> 
     </span>
     <span class='ocr_line' id='line_1_59' title="bbox 49 2955 850 3001; baseline -0.001 -9"><span class='ocrx_word' id='word_1_361' title='bbox 49 2955 189 2992; x_wconf 78' lang='lat' dir='ltr'>insulam</span> <span class='ocrx_word' id='word_1_362' title='bbox 211 2968 325 2992; x_wconf 77' lang='lat' dir='ltr'>earum</span> <span class='ocrx_word' id='word_1_363' title='bbox 344 2956 619 3001; x_wconf 79' lang='lat' dir='ltr'>adnavigabant,</span> <span class='ocrx_word' id='word_1_364' title='bbox 644 2961 746 2990; x_wconf 72' lang='lat' dir='ltr'>cantu</span> <span class='ocrx_word' id='word_1_365' title='bbox 768 2967 850 2991; x_wconf 79' lang='lat' dir='ltr'>sua-</span> 
     </span>
    </p>
   </div>
   <div class='ocr_carea' id='block_1_15' title="bbox 389 1335 861 1381">
    <p class='ocr_par' dir='ltr' id='par_1_19' title="bbox 389 1335 861 1381">
     <span class='ocr_line' id='line_1_60' title="bbox 389 1335 861 1381; baseline -0.006 -8"><span class='ocrx_word' id='word_1_366' title='bbox 389 1339 434 1375; x_wconf 88' lang='lat' dir='ltr'><strong><em>cf.</em></strong></span> <span class='ocrx_word' id='word_1_367' title='bbox 457 1337 582 1373; x_wconf 84' lang='lat' dir='ltr'>ibidem</span> <span class='ocrx_word' id='word_1_368' title='bbox 606 1335 695 1381; x_wconf 83' lang='lat'><strong><em>406,</em></strong></span> <span class='ocrx_word' id='word_1_369' title='bbox 719 1336 861 1371; x_wconf 82' lang='lat' dir='ltr'>inferius</span> 
     </span>
    </p>
   </div>
   <div class='ocr_carea' id='block_1_16' title="bbox 894 1198 1715 2998">
    <p class='ocr_par' dir='ltr' id='par_1_20' title="bbox 899 1198 1715 2065">
     <span class='ocr_line' id='line_1_61' title="bbox 908 1198 1714 1247; baseline -0.001 -11"><span class='ocrx_word' id='word_1_370' title='bbox 908 1203 1056 1238; x_wconf 85' lang='lat' dir='ltr'>vissimo.</span> <span class='ocrx_word' id='word_1_371' title='bbox 1103 1215 1170 1247; x_wconf 86' lang='lat' dir='ltr'><strong><em>quo</em></strong></span> <span class='ocrx_word' id='word_1_372' title='bbox 1193 1214 1293 1237; x_wconf 84' lang='lat' dir='ltr'><strong><em>sensu</em></strong></span> <span class='ocrx_word' id='word_1_373' title='bbox 1323 1198 1442 1246; x_wconf 68' lang='grc' dir='ltr'><strong><em>ὕμνον</em></strong></span> <span class='ocrx_word' id='word_1_374' title='bbox 1466 1201 1615 1244; x_wconf 78' lang='grc' dir='ltr'><strong><em>δέσμιον</em></strong></span> <span class='ocrx_word' id='word_1_375' title='bbox 1644 1202 1714 1235; x_wconf 89' lang='lat' dir='ltr'><strong><em>Fu-</em></strong></span> 
     </span>
     <span class='ocr_line' id='line_1_62' title="bbox 910 1247 1712 1293; baseline -0.002 -11"><span class='ocrx_word' id='word_1_376' title='bbox 910 1250 1034 1283; x_wconf 76' lang='lat' dir='ltr'>liaruxn</span> <span class='ocrx_word' id='word_1_377' title='bbox 1059 1249 1146 1283; x_wconf 81' lang='lat' dir='ltr'>dixit</span> <span class='ocrx_word' id='word_1_378' title='bbox 1165 1249 1353 1293; x_wconf 78' lang='lat' dir='ltr'>Aeschylus</span> <span class='ocrx_word' id='word_1_379' title='bbox 1373 1249 1472 1282; x_wconf 85' lang='lat' dir='ltr'><strong><em>Eum.</em></strong></span> <span class='ocrx_word' id='word_1_380' title='bbox 1489 1250 1569 1283; x_wconf 80' lang='grc'><strong>291.</strong></span> <span class='ocrx_word' id='word_1_381' title='bbox 1608 1247 1712 1282; x_wconf 88' lang='lat' dir='ltr'>Ovid.</span> 
     </span>
     <span class='ocr_line' id='line_1_63' title="bbox 908 1295 1714 1337; baseline -0.004 -8"><span class='ocrx_word' id='word_1_382' title='bbox 908 1297 982 1331; x_wconf 79' lang='lat' dir='ltr'><strong><em>Art.</em></strong></span> <span class='ocrx_word' id='word_1_383' title='bbox 1007 1307 1068 1330; x_wconf 79' lang='lat' dir='ltr'><strong><em>am.</em></strong></span> <span class='ocrx_word' id='word_1_384' title='bbox 1093 1297 1127 1337; x_wconf 87' lang='lat'><strong><em>3,</em></strong></span> <span class='ocrx_word' id='word_1_385' title='bbox 1146 1297 1247 1331; x_wconf 77' lang='lat'><strong>311.=</strong></span> <span class='ocrx_word' id='word_1_386' title='bbox 1271 1300 1424 1329; x_wconf 80' lang='lat' dir='ltr'>monstra</span> <span class='ocrx_word' id='word_1_387' title='bbox 1448 1296 1555 1328; x_wconf 66' lang='lat' dir='ltr'>maris</span> <span class='ocrx_word' id='word_1_388' title='bbox 1578 1295 1714 1327; x_wconf 79' lang='lat' dir='ltr'><strong><em>Sirenes</em></strong></span> 
     </span>
     <span class='ocr_line' id='line_1_64' title="bbox 909 1340 1715 1386; baseline -0.001 -13"><span class='ocrx_word' id='word_1_389' title='bbox 909 1347 1028 1382; x_wconf 78' lang='lat' dir='ltr'><strong><em>erant,</em></strong></span> <span class='ocrx_word' id='word_1_390' title='bbox 1060 1353 1149 1386; x_wconf 83' lang='lat' dir='ltr'><strong><em>quac</em></strong></span> <span class='ocrx_word' id='word_1_391' title='bbox 1182 1353 1262 1375; x_wconf 83' lang='lat' dir='ltr'><strong><em>voce</em></strong></span> <span class='ocrx_word' id='word_1_392' title='bbox 1294 1353 1421 1375; x_wconf 84' lang='lat' dir='ltr'>canora</span> <span class='ocrx_word' id='word_1_393' title='bbox 1449 1341 1626 1382; x_wconf 79' lang='lat' dir='ltr'>Quaslibet</span> <span class='ocrx_word' id='word_1_394' title='bbox 1648 1340 1715 1373; x_wconf 81' lang='lat' dir='ltr'><strong><em>ad-</em></strong></span> 
     </span>
     <span class='ocr_line' id='line_1_65' title="bbox 907 1386 1712 1427; baseline 0.002 -7"><span class='ocrx_word' id='word_1_395' title='bbox 907 1388 1031 1420; x_wconf 61' lang='lat' dir='ltr'>missas</span> <span class='ocrx_word' id='word_1_396' title='bbox 1064 1389 1240 1422; x_wconf 73' lang='lat' dir='ltr'><strong><em>detinuere</em></strong></span> <span class='ocrx_word' id='word_1_397' title='bbox 1272 1393 1378 1420; x_wconf 73' lang='lat' dir='ltr'><strong><em>rates.</em></strong></span> <span class='ocrx_word' id='word_1_398' title='bbox 1432 1386 1521 1420; x_wconf 86' lang='lat' dir='ltr'>idem</span> <span class='ocrx_word' id='word_1_399' title='bbox 1560 1387 1645 1420; x_wconf 84' lang='lat' dir='ltr'><strong><em>Met.</em></strong></span> <span class='ocrx_word' id='word_1_400' title='bbox 1679 1387 1712 1427; x_wconf 87' lang='lat'><strong><em>5,</em></strong></span> 
     </span>
     <span class='ocr_line' id='line_1_66' title="bbox 906 1432 1713 1476; baseline -0.004 -8"><span class='ocrx_word' id='word_1_401' title='bbox 906 1435 1005 1468; x_wconf 68' lang='lat'>552:</span> <span class='ocrx_word' id='word_1_402' title='bbox 1030 1435 1135 1475; x_wconf 77' lang='lat' dir='ltr'>vobis,</span> <span class='ocrx_word' id='word_1_403' title='bbox 1165 1434 1374 1473; x_wconf 71' lang='lat' dir='ltr'><strong><em>Acheloides,</em></strong></span> <span class='ocrx_word' id='word_1_404' title='bbox 1397 1433 1488 1466; x_wconf 80' lang='lat' dir='ltr'><strong><em>unde</em></strong></span> <span class='ocrx_word' id='word_1_405' title='bbox 1512 1432 1630 1465; x_wconf 83' lang='lat' dir='ltr'>Pluma</span> <span class='ocrx_word' id='word_1_406' title='bbox 1651 1443 1713 1476; x_wconf 85' lang='lat' dir='ltr'><strong><em>pe·</em></strong></span> 
     </span>
     <span class='ocr_line' id='line_1_67' title="bbox 905 1479 1713 1524; baseline -0.002 -12"><span class='ocrx_word' id='word_1_407' title='bbox 905 1479 1033 1524; x_wconf 81' lang='lat' dir='ltr'><strong><em>desque</em></strong></span> <span class='ocrx_word' id='word_1_408' title='bbox 1058 1480 1194 1521; x_wconf 76' lang='lat' dir='ltr'>avium,</span> <span class='ocrx_word' id='word_1_409' title='bbox 1231 1492 1304 1513; x_wconf 82' lang='lat' dir='ltr'><strong><em>cum</em></strong></span> <span class='ocrx_word' id='word_1_410' title='bbox 1338 1480 1486 1524; x_wconf 75' lang='lat' dir='ltr'>virginis</span> <span class='ocrx_word' id='word_1_411' title='bbox 1522 1489 1583 1511; x_wconf 85' lang='lat' dir='ltr'><strong><em>ora</em></strong></span> <span class='ocrx_word' id='word_1_412' title='bbox 1605 1489 1713 1522; x_wconf 80' lang='lat' dir='ltr'><strong><em>gera-</em></strong></span> 
     </span>
     <span class='ocr_line' id='line_1_68' title="bbox 904 1524 1713 1569; baseline -0.001 -11"><span class='ocrx_word' id='word_1_413' title='bbox 904 1526 949 1559; x_wconf 80' lang='lat' dir='ltr'><strong><em>tis</em></strong></span> <span class='ocrx_word' id='word_1_414' title='bbox 959 1526 978 1559; x_wconf 69' lang='grc' dir='ltr'><strong><em>’ἐ</em></strong></span> <span class='ocrx_word' id='word_1_415' title='bbox 1007 1538 1047 1560; x_wconf 85' lang='lat' dir='ltr'><strong><em>ea</em></strong></span> <span class='ocrx_word' id='word_1_416' title='bbox 1068 1527 1142 1560; x_wconf 77' lang='lat' dir='ltr'><strong><em>sere</em></strong></span> <span class='ocrx_word' id='word_1_417' title='bbox 1159 1526 1318 1559; x_wconf 84' lang='lat' dir='ltr'>Sirenum</span> <span class='ocrx_word' id='word_1_418' title='bbox 1344 1524 1477 1569; x_wconf 84' lang='lat' dir='ltr'><strong><em>species</em></strong></span> <span class='ocrx_word' id='word_1_419' title='bbox 1501 1528 1554 1557; x_wconf 82' lang='lat' dir='ltr'><strong><em>est</em></strong></span> <span class='ocrx_word' id='word_1_420' title='bbox 1577 1535 1634 1569; x_wconf 85' lang='lat' dir='ltr'><strong><em>ap.</em></strong></span> <span class='ocrx_word' id='word_1_421' title='bbox 1655 1535 1713 1557; x_wconf 88' lang='lat' dir='ltr'><strong><em>re-</em></strong></span> 
     </span>
     <span class='ocr_line' id='line_1_69' title="bbox 903 1570 1712 1614; baseline -0.002 -10"><span class='ocrx_word' id='word_1_422' title='bbox 903 1572 1074 1606; x_wconf 77' lang='lat' dir='ltr'><strong><em>centiores</em></strong></span> <span class='ocrx_word' id='word_1_423' title='bbox 1107 1575 1142 1605; x_wconf 79' lang='lat' dir='ltr'><strong><em>et</em></strong></span> <span class='ocrx_word' id='word_1_424' title='bbox 1174 1572 1210 1605; x_wconf 88' lang='lat' dir='ltr'>in</span> <span class='ocrx_word' id='word_1_425' title='bbox 1241 1571 1385 1606; x_wconf 79' lang='lat' dir='ltr'>artibus.</span> <span class='ocrx_word' id='word_1_426' title='bbox 1433 1582 1467 1604; x_wconf 86' lang='lat' dir='ltr'><strong><em>v.</em></strong></span> <span class='ocrx_word' id='word_1_427' title='bbox 1500 1571 1599 1603; x_wconf 85' lang='lat' dir='ltr'><strong>Voss.</strong></span> <span class='ocrx_word' id='word_1_428' title='bbox 1634 1570 1712 1614; x_wconf 80' lang='lat' dir='ltr'><strong><em>My-</em></strong></span> 
     </span>
     <span class='ocr_line' id='line_1_70' title="bbox 903 1615 1712 1663; baseline -0.002 -13"><span class='ocrx_word' id='word_1_429' title='bbox 903 1617 1070 1653; x_wconf 78' lang='lat' dir='ltr'><strong>th01.B=-.</strong></span> <span class='ocrx_word' id='word_1_430' title='bbox 1095 1619 1152 1653; x_wconf 88' lang='lat'><strong><em>33.</em></strong></span> <span class='ocrx_word' id='word_1_431' title='bbox 1188 1629 1223 1663; x_wconf 87' lang='lat' dir='ltr'><strong><em>p·</em></strong></span> <span class='ocrx_word' id='word_1_432' title='bbox 1247 1616 1328 1652; x_wconf 76' lang='lat'><strong><em>246</em></strong></span> <span class='ocrx_word' id='word_1_433' title='bbox 1361 1618 1396 1652; x_wconf 94' lang='grc'><strong><em>2.</em></strong></span> <span class='ocrx_word' id='word_1_434' title='bbox 1422 1616 1499 1657; x_wconf 85' lang='lat' dir='ltr'><strong><em>ed.‚</em></strong></span> <span class='ocrx_word' id='word_1_435' title='bbox 1533 1615 1712 1649; x_wconf 77' lang='lat' dir='ltr'>Montfau-</span> 
     </span>
     <span class='ocr_line' id='line_1_71' title="bbox 903 1662 1711 1742; baseline 0 -47"><span class='ocrx_word' id='word_1_436' title='bbox 903 1674 977 1696; x_wconf 86' lang='lat' dir='ltr'><strong><em>con.</em></strong></span> <span class='ocrx_word' id='word_1_437' title='bbox 1012 1664 1151 1706; x_wconf 78' lang='lat' dir='ltr'><strong><em>Antiqu.</em></strong></span> <span class='ocrx_word' id='word_1_438' title='bbox 1193 1664 1390 1742; x_wconf 59' lang='grc' dir='ltr'><strong><em>οπρίίξιυάσ,</em></strong></span> <span class='ocrx_word' id='word_1_439' title='bbox 1423 1667 1449 1697; x_wconf 86' lang='lat' dir='ltr'><strong><em>t.</em></strong></span> <span class='ocrx_word' id='word_1_440' title='bbox 1476 1664 1508 1697; x_wconf 90' lang='grc'><strong><em>1.</em></strong></span> <span class='ocrx_word' id='word_1_441' title='bbox 1543 1673 1577 1706; x_wconf 90' lang='lat' dir='ltr'><strong><em>p.</em></strong></span> <span class='ocrx_word' id='word_1_442' title='bbox 1603 1664 1636 1696; x_wconf 87' lang='grc'><strong><em>2.</em></strong></span> <span class='ocrx_word' id='word_1_443' title='bbox 1665 1662 1711 1706; x_wconf 88' lang='lat' dir='ltr'><strong><em>pl.</em></strong></span> 
     </span>
     <span class='ocr_line' id='line_1_72' title="bbox 901 1708 1711 1750; baseline -0.004 -7"><span class='ocrx_word' id='word_1_444' title='bbox 901 1709 969 1743; x_wconf 75' lang='grc'><strong><em>222</em></strong></span> <span class='ocrx_word' id='word_1_445' title='bbox 983 1714 1047 1745; x_wconf 78' lang='lat' dir='ltr'><strong><em>etc.</em></strong></span> <span class='ocrx_word' id='word_1_446' title='bbox 1086 1709 1221 1745; x_wconf 70' lang='lat' dir='ltr'><strong><em>voss.l.</em></strong></span> <span class='ocrx_word' id='word_1_447' title='bbox 1239 1722 1268 1742; x_wconf 91' lang='lat' dir='ltr'><strong><em>c.</em></strong></span> <span class='ocrx_word' id='word_1_448' title='bbox 1316 1734 1338 1750; x_wconf 90' lang='grc'><strong><em>,</em></strong></span> <span class='ocrx_word' id='word_1_449' title='bbox 1331 1708 1404 1746; x_wconf 87' lang='lat' dir='ltr'><strong><em>Bei</em></strong></span> <span class='ocrx_word' id='word_1_450' title='bbox 1421 1709 1548 1742; x_wconf 86' lang='lat' dir='ltr'><strong><em>Homer</em></strong></span> <span class='ocrx_word' id='word_1_451' title='bbox 1564 1708 1660 1750; x_wconf 73' lang='lat' dir='ltr'>(Od)</span> <span class='ocrx_word' id='word_1_452' title='bbox 1666 1719 1711 1744; x_wconf 87' lang='lat' dir='ltr'><strong><em>ss.</em></strong></span> 
     </span>
     <span class='ocr_line' id='line_1_73' title="bbox 903 1753 1711 1798; baseline -0.002 -10"><span class='ocrx_word' id='word_1_453' title='bbox 903 1756 968 1795; x_wconf 84' lang='grc'><strong><em>12,</em></strong></span> <span class='ocrx_word' id='word_1_454' title='bbox 992 1756 1054 1797; x_wconf 87' lang='grc'><strong><em>52)</em></strong></span> <span class='ocrx_word' id='word_1_455' title='bbox 1088 1767 1205 1789; x_wconf 72' lang='grc' dir='ltr'><strong><em>ινιιιειι</em></strong></span> <span class='ocrx_word' id='word_1_456' title='bbox 1242 1755 1293 1788; x_wconf 85' lang='lat' dir='ltr'><strong><em>sie</em></strong></span> <span class='ocrx_word' id='word_1_457' title='bbox 1325 1756 1347 1788; x_wconf 90' lang='grc'>2</span> <span class='ocrx_word' id='word_1_458' title='bbox 1380 1754 1543 1798; x_wconf 80' lang='lat' dir='ltr'><strong><em>singende</em></strong></span> <span class='ocrx_word' id='word_1_459' title='bbox 1569 1753 1711 1787; x_wconf 64' lang='lat' dir='ltr'>Giittin-</span> 
     </span>
     <span class='ocr_line' id='line_1_74' title="bbox 901 1799 1711 1844; baseline 0 -11"><span class='ocrx_word' id='word_1_460' title='bbox 901 1812 986 1842; x_wconf 83' lang='lat' dir='ltr'><strong><em>nen3</em></strong></span> <span class='ocrx_word' id='word_1_461' title='bbox 1022 1801 1078 1835; x_wconf 81' lang='lat' dir='ltr'><strong><em>bei</em></strong></span> <span class='ocrx_word' id='word_1_462' title='bbox 1103 1801 1288 1843; x_wconf 77' lang='lat' dir='ltr'>Euripides</span> <span class='ocrx_word' id='word_1_463' title='bbox 1313 1800 1411 1844; x_wconf 88' lang='lat' dir='ltr'><strong><em>(Hel.</em></strong></span> <span class='ocrx_word' id='word_1_464' title='bbox 1438 1801 1524 1842; x_wconf 87' lang='lat'>166)</span> <span class='ocrx_word' id='word_1_465' title='bbox 1556 1799 1711 1833; x_wconf 67' lang='lat' dir='ltr'><strong><em>melitene</em></strong></span> 
     </span>
     <span class='ocr_line' id='line_1_75' title="bbox 902 1846 1710 1890; baseline 0 -10"><span class='ocrx_word' id='word_1_466' title='bbox 902 1847 1090 1890; x_wconf 75' lang='lat' dir='ltr'><strong><em>gefiederte</em></strong></span> <span class='ocrx_word' id='word_1_467' title='bbox 1115 1847 1174 1881; x_wconf 86' lang='lat' dir='ltr'>mit</span> <span class='ocrx_word' id='word_1_468' title='bbox 1199 1847 1331 1888; x_wconf 63' lang='grc' dir='ltr'><strong>Ρῖοὶῖε,</strong></span> <span class='ocrx_word' id='word_1_469' title='bbox 1367 1846 1517 1890; x_wconf 80' lang='lat' dir='ltr'>Syringe</span> <span class='ocrx_word' id='word_1_470' title='bbox 1542 1847 1610 1879; x_wconf 89' lang='lat' dir='ltr'><strong><em>und</em></strong></span> <span class='ocrx_word' id='word_1_471' title='bbox 1636 1846 1710 1880; x_wconf 84' lang='lat' dir='ltr'><strong><em>Ge-</em></strong></span> 
     </span>
     <span class='ocr_line' id='line_1_76' title="bbox 900 1891 1709 1937; baseline 0 -11"><span class='ocrx_word' id='word_1_472' title='bbox 900 1904 1005 1937; x_wconf 78' lang='lat' dir='ltr'>sang‚</span> <span class='ocrx_word' id='word_1_473' title='bbox 1032 1893 1087 1927; x_wconf 83' lang='lat' dir='ltr'><strong><em>die</em></strong></span> <span class='ocrx_word' id='word_1_474' title='bbox 1106 1894 1189 1926; x_wconf 84' lang='lat' dir='ltr'><strong><em>aber</em></strong></span> <span class='ocrx_word' id='word_1_475' title='bbox 1209 1893 1335 1936; x_wconf 77' lang='lat' dir='ltr'><strong><em>(Clem.</em></strong></span> <span class='ocrx_word' id='word_1_476' title='bbox 1358 1893 1482 1926; x_wconf 72' lang='lat' dir='ltr'><strong>Strom.</strong></span> <span class='ocrx_word' id='word_1_477' title='bbox 1503 1891 1535 1927; x_wconf 83' lang='grc'><strong><em>4.</em></strong></span> <span class='ocrx_word' id='word_1_478' title='bbox 1555 1904 1588 1936; x_wconf 85' lang='lat' dir='ltr'><strong><em>p.</em></strong></span> <span class='ocrx_word' id='word_1_479' title='bbox 1610 1893 1709 1936; x_wconf 70' lang='lat'><strong><em>543.)</em></strong></span> 
     </span>
     <span class='ocr_line' id='line_1_77' title="bbox 901 1938 1713 1983; baseline 0.002 -12"><span class='ocrx_word' id='word_1_480' title='bbox 901 1939 958 1972; x_wconf 85' lang='lat' dir='ltr'><strong><em>bei</em></strong></span> <span class='ocrx_word' id='word_1_481' title='bbox 981 1940 1079 1973; x_wconf 83' lang='lat' dir='ltr'>ihren</span> <span class='ocrx_word' id='word_1_482' title='bbox 1104 1939 1271 1983; x_wconf 84' lang='lat' dir='ltr'><strong><em>goldenen</em></strong></span> <span class='ocrx_word' id='word_1_483' title='bbox 1292 1938 1450 1981; x_wconf 70' lang='lat' dir='ltr'><strong><em>Fittigen</em></strong></span> <span class='ocrx_word' id='word_1_484' title='bbox 1471 1939 1628 1982; x_wconf 72' lang='lat' dir='ltr'>zugleich</span> <span class='ocrx_word' id='word_1_485' title='bbox 1649 1940 1713 1973; x_wconf 85' lang='lat' dir='ltr'><strong><em>auf</em></strong></span> 
     </span>
     <span class='ocr_line' id='line_1_78' title="bbox 900 1983 1707 2028; baseline 0.002 -11"><span class='ocrx_word' id='word_1_486' title='bbox 900 1985 1023 2028; x_wconf 87' lang='lat' dir='ltr'><strong><em>Solen,</em></strong></span> <span class='ocrx_word' id='word_1_487' title='bbox 1059 1985 1130 2019; x_wconf 79' lang='lat' dir='ltr'>also</span> <span class='ocrx_word' id='word_1_488' title='bbox 1166 1985 1226 2019; x_wconf 81' lang='lat' dir='ltr'>mit</span> <span class='ocrx_word' id='word_1_489' title='bbox 1255 1983 1534 2028; x_wconf 70' lang='lat' dir='ltr'><strong><em>jungsrafilichen</em></strong></span> <span class='ocrx_word' id='word_1_490' title='bbox 1566 1984 1707 2028; x_wconf 70' lang='lat' dir='ltr'>Fiissen,</span> 
     </span>
     <span class='ocr_line' id='line_1_79' title="bbox 899 2029 1707 2067; baseline 0.001 -3"><span class='ocrx_word' id='word_1_491' title='bbox 899 2030 1007 2064; x_wconf 81' lang='lat' dir='ltr'>durch</span> <span class='ocrx_word' id='word_1_492' title='bbox 1036 2031 1088 2064; x_wconf 86' lang='lat' dir='ltr'><strong><em>die</em></strong></span> <span class='ocrx_word' id='word_1_493' title='bbox 1106 2031 1191 2064; x_wconf 83' lang='lat' dir='ltr'>Luft</span> <span class='ocrx_word' id='word_1_494' title='bbox 1213 2029 1480 2063; x_wconf 74' lang='lat' dir='ltr'><strong><em>wandelten¹‘u.</em></strong></span> <span class='ocrx_word' id='word_1_495' title='bbox 1502 2041 1531 2063; x_wconf 90' lang='grc'><strong><em>5.</em></strong></span> <span class='ocrx_word' id='word_1_496' title='bbox 1553 2042 1598 2062; x_wconf 90' lang='lat' dir='ltr'>w</span> <span class='ocrx_word' id='word_1_497' title='bbox 1633 2032 1707 2067; x_wconf 86' lang='grc' dir='ltr'><strong><em>Αιιι.</em></strong></span> 
     </span>
    </p>

    <p class='ocr_par' dir='ltr' id='par_1_21' title="bbox 895 2072 1708 2812">
     <span class='ocr_line' id='line_1_80' title="bbox 900 2072 1708 2120; baseline 0.002 -10"><span class='ocrx_word' id='word_1_498' title='bbox 900 2077 940 2110; x_wconf 92' lang='grc' dir='ltr'><strong><em>Β.</em></strong></span> <span class='ocrx_word' id='word_1_499' title='bbox 965 2077 1115 2111; x_wconf 83' lang='lat' dir='ltr'><strong><em>emend:</em></strong></span> <span class='ocrx_word' id='word_1_500' title='bbox 1151 2076 1191 2111; x_wconf 79' lang='grc' dir='ltr'><strong><em>αἱ</em></strong></span> <span class='ocrx_word' id='word_1_501' title='bbox 1215 2075 1391 2119; x_wconf 80' lang='grc' dir='ltr'><strong><em>Σειρῆνες</em></strong></span> <span class='ocrx_word' id='word_1_502' title='bbox 1421 2072 1444 2120; x_wconf 81' lang='grc' dir='ltr'><strong><em>ἠ</em></strong></span> <span class='ocrx_word' id='word_1_503' title='bbox 1471 2073 1618 2118; x_wconf 79' lang='grc' dir='ltr'><strong><em>ὄρνιθες</em></strong></span> <span class='ocrx_word' id='word_1_504' title='bbox 1643 2076 1708 2112; x_wconf 79' lang='grc' dir='ltr'><strong><em>εὐ-</em></strong></span> 
     </span>
     <span class='ocr_line' id='line_1_81' title="bbox 900 2122 1707 2168; baseline -0.001 -10"><span class='ocrx_word' id='word_1_505' title='bbox 900 2122 1045 2158; x_wconf 75' lang='grc' dir='ltr'><strong><em>κέλαδοι</em></strong></span> <span class='ocrx_word' id='word_1_506' title='bbox 1070 2123 1188 2165; x_wconf 65' lang='lat' dir='ltr'>(libem</span> <span class='ocrx_word' id='word_1_507' title='bbox 1214 2122 1374 2163; x_wconf 81' lang='grc' dir='ltr'><strong><em>κέλαδοι,</em></strong></span> <span class='ocrx_word' id='word_1_508' title='bbox 1398 2133 1438 2157; x_wconf 81' lang='grc' dir='ltr'><strong><em>εν</em></strong></span> <span class='ocrx_word' id='word_1_509' title='bbox 1456 2122 1588 2167; x_wconf 76' lang='lat' dir='ltr'><strong>syllaba</strong></span> <span class='ocrx_word' id='word_1_510' title='bbox 1605 2128 1707 2168; x_wconf 78' lang='lat' dir='ltr'><strong><em>repta</em></strong></span> 
     </span>
     <span class='ocr_line' id='line_1_82' title="bbox 901 2167 1706 2204; baseline 0 -1"><span class='ocrx_word' id='word_1_511' title='bbox 901 2170 943 2203; x_wconf 84' lang='lat' dir='ltr'><strong><em>ab</em></strong></span> <span class='ocrx_word' id='word_1_512' title='bbox 969 2170 1194 2203; x_wconf 72' lang='lat' dir='ltr'><strong><em>antecedente</em></strong></span> <span class='ocrx_word' id='word_1_513' title='bbox 1218 2167 1317 2202; x_wconf 86' lang='lat' dir='ltr'>simili</span> <span class='ocrx_word' id='word_1_514' title='bbox 1341 2179 1398 2204; x_wconf 86' lang='grc' dir='ltr'><strong><em>εσ.·</em></strong></span> <span class='ocrx_word' id='word_1_515' title='bbox 1422 2179 1456 2202; x_wconf 84' lang='lat' dir='ltr'><strong><em>v.</em></strong></span> <span class='ocrx_word' id='word_1_516' title='bbox 1479 2168 1615 2202; x_wconf 84' lang='lat' dir='ltr'><strong>Jacobs.</strong></span> <span class='ocrx_word' id='word_1_517' title='bbox 1637 2172 1706 2203; x_wconf 90' lang='grc' dir='ltr'><strong><em>Λιι-</em></strong></span> 
     </span>
     <span class='ocr_line' id='line_1_83' title="bbox 901 2207 1704 2258; baseline 0.004 -12"><span class='ocrx_word' id='word_1_518' title='bbox 901 2215 983 2249; x_wconf 84' lang='lat' dir='ltr'>thol.</span> <span class='ocrx_word' id='word_1_519' title='bbox 1008 2215 1080 2249; x_wconf 85' lang='lat' dir='ltr'><strong><em>Pal.</em></strong></span> <span class='ocrx_word' id='word_1_520' title='bbox 1106 2216 1139 2251; x_wconf 89' lang='grc'><strong>3.</strong></span> <span class='ocrx_word' id='word_1_521' title='bbox 1165 2226 1197 2258; x_wconf 84' lang='lat' dir='ltr'><strong><em>p.</em></strong></span> <span class='ocrx_word' id='word_1_522' title='bbox 1221 2215 1322 2258; x_wconf 83' lang='lat'><strong>566.)</strong></span> <span class='ocrx_word' id='word_1_523' title='bbox 1354 2207 1449 2258; x_wconf 81' lang='grc' dir='ltr'><strong><em>ἦσαν</em></strong></span> <span class='ocrx_word' id='word_1_524' title='bbox 1482 2212 1522 2249; x_wconf 81' lang='grc' dir='ltr'><strong><em>ἐν</em></strong></span> <span class='ocrx_word' id='word_1_525' title='bbox 1546 2216 1579 2248; x_wconf 63' lang='grc' dir='ltr'><strong>λ’.</strong></span> <span class='ocrx_word' id='word_1_526' title='bbox 1568 2216 1704 2258; x_wconf 75' lang='grc' dir='ltr'><strong><em>ιμαῖνι,</em></strong></span> 
     </span>
     <span class='ocr_line' id='line_1_84' title="bbox 900 2257 1704 2317; baseline 0 -21"><span class='ocrx_word' id='word_1_527' title='bbox 900 2257 924 2301; x_wconf 76' lang='grc' dir='ltr'><em>ἢ</em></span> <span class='ocrx_word' id='word_1_528' title='bbox 957 2265 1126 2317; x_wconf 70' lang='grc' dir='ltr'><strong><em>γυναῖκες</em></strong></span> <span class='ocrx_word' id='word_1_529' title='bbox 1156 2260 1345 2296; x_wconf 79' lang='grc' dir='ltr'><strong><em>θελκτικαι</em></strong></span> <span class='ocrx_word' id='word_1_530' title='bbox 1375 2261 1438 2296; x_wconf 79' lang='grc' dir='ltr'><strong><em>και</em></strong></span> <span class='ocrx_word' id='word_1_531' title='bbox 1468 2258 1704 2315; x_wconf 80' lang='grc' dir='ltr'><strong><em>ἀπατητικαι,</em></strong></span> 
     </span>
     <span class='ocr_line' id='line_1_85' title="bbox 901 2303 1704 2352; baseline -0.002 -8"><span class='ocrx_word' id='word_1_532' title='bbox 901 2305 923 2351; x_wconf 78' lang='lat'><strong><em>7)</em></strong></span> <span class='ocrx_word' id='word_1_533' title='bbox 949 2305 1044 2352; x_wconf 73' lang='grc' dir='ltr'><strong><em>αὐτῆ</em></strong></span> <span class='ocrx_word' id='word_1_534' title='bbox 1070 2304 1091 2351; x_wconf 84' lang='grc' dir='ltr'>ἡ</span> <span class='ocrx_word' id='word_1_535' title='bbox 1116 2309 1309 2343; x_wconf 69' lang='grc' dir='ltr'><strong><em>κολακεία·</em></strong></span> <span class='ocrx_word' id='word_1_536' title='bbox 1341 2303 1502 2347; x_wconf 73' lang='lat' dir='ltr'><strong><em>nouom,-</em></strong></span> <span class='ocrx_word' id='word_1_537' title='bbox 1524 2306 1594 2351; x_wconf 74' lang='grc' dir='ltr'><strong><em>γάρ</em></strong></span> <span class='ocrx_word' id='word_1_538' title='bbox 1618 2307 1704 2342; x_wconf 73' lang='grc' dir='ltr'><strong>θέλ.-</strong></span> 
     </span>
     <span class='ocr_line' id='line_1_86' title="bbox 899 2351 1702 2407; baseline -0.004 -18"><span class='ocrx_word' id='word_1_539' title='bbox 899 2367 972 2398; x_wconf 77' lang='grc' dir='ltr'><strong><em>γει,</em></strong></span> <span class='ocrx_word' id='word_1_540' title='bbox 996 2368 1027 2389; x_wconf 79' lang='grc' dir='ltr'><strong>κ</strong></span> <span class='ocrx_word' id='word_1_541' title='bbox 1053 2352 1194 2401; x_wconf 75' lang='grc' dir='ltr'><strong><em>ἀπατᾷ,</em></strong></span> <span class='ocrx_word' id='word_1_542' title='bbox 1220 2367 1252 2388; x_wconf 86' lang='grc' dir='ltr'><strong><em>κ.</em></strong></span> <span class='ocrx_word' id='word_1_543' title='bbox 1278 2351 1414 2390; x_wconf 77' lang='grc' dir='ltr'><strong><em>ὡσανεὶ</em></strong></span> <span class='ocrx_word' id='word_1_544' title='bbox 1434 2356 1607 2407; x_wconf 65' lang='grc' dir='ltr'><strong><em>θανατόῖ.</em></strong></span> <span class='ocrx_word' id='word_1_545' title='bbox 1641 2354 1702 2387; x_wconf 88' lang='lat' dir='ltr'><strong><em>ha-</em></strong></span> 
     </span>
     <span class='ocr_line' id='line_1_87' title="bbox 899 2390 1702 2446; baseline -0.001 -12"><span class='ocrx_word' id='word_1_546' title='bbox 899 2402 1057 2434; x_wconf 75' lang='lat' dir='ltr'>bitabant</span> <span class='ocrx_word' id='word_1_547' title='bbox 1082 2390 1222 2434; x_wconf 68' lang='lat' dir='ltr'><strong><em>Sirenes</em></strong></span> <span class='ocrx_word' id='word_1_548' title='bbox 1251 2400 1401 2443; x_wconf 81' lang='lat' dir='ltr'>insulas,</span> <span class='ocrx_word' id='word_1_549' title='bbox 1438 2412 1526 2446; x_wconf 84' lang='lat' dir='ltr'><strong><em>quae</em></strong></span> <span class='ocrx_word' id='word_1_550' title='bbox 1559 2399 1702 2433; x_wconf 77' lang='grc' dir='ltr'><strong><em>εἰιοιιιιι-</em></strong></span> 
     </span>
     <span class='ocr_line' id='line_1_88' title="bbox 895 2445 1700 2500; baseline -0.002 -19"><span class='ocrx_word' id='word_1_551' title='bbox 895 2448 1012 2500; x_wconf 69' lang='lat' dir='ltr'><strong><em>jacenz</em></strong></span> <span class='ocrx_word' id='word_1_552' title='bbox 1036 2446 1175 2481; x_wconf 77' lang='lat' dir='ltr'>Siciliae</span> <span class='ocrx_word' id='word_1_553' title='bbox 1201 2447 1430 2500; x_wconf 83' lang='lat' dir='ltr'>promontorio</span> <span class='ocrx_word' id='word_1_554' title='bbox 1454 2445 1587 2481; x_wconf 77' lang='lat' dir='ltr'><strong><em>Peloro.</em></strong></span> <span class='ocrx_word' id='word_1_555' title='bbox 1611 2445 1700 2488; x_wconf 90' lang='lat' dir='ltr'>quod</span> 
     </span>
     <span class='ocr_line' id='line_1_89' title="bbox 900 2490 1699 2538; baseline -0.006 -11"><span class='ocrx_word' id='word_1_556' title='bbox 900 2493 1087 2538; x_wconf 65' lang='lat' dir='ltr'>proximum</span> <span class='ocrx_word' id='word_1_557' title='bbox 1131 2497 1183 2526; x_wconf 71' lang='lat' dir='ltr'><strong><em>est</em></strong></span> <span class='ocrx_word' id='word_1_558' title='bbox 1216 2491 1357 2533; x_wconf 77' lang='lat' dir='ltr'>ltaliae,</span> <span class='ocrx_word' id='word_1_559' title='bbox 1401 2496 1542 2526; x_wconf 84' lang='lat' dir='ltr'><strong><em>auctore</em></strong></span> <span class='ocrx_word' id='word_1_560' title='bbox 1578 2490 1699 2523; x_wconf 79' lang='lat' dir='ltr'>Servio</span> 
     </span>
     <span class='ocr_line' id='line_1_90' title="bbox 899 2535 1698 2580; baseline -0.005 -8"><span class='ocrx_word' id='word_1_561' title='bbox 899 2551 976 2573; x_wconf 88' lang='lat' dir='ltr'><strong><em>ann.</em></strong></span> <span class='ocrx_word' id='word_1_562' title='bbox 1002 2539 1043 2572; x_wconf 87' lang='lat' dir='ltr'><strong><em>ad</em></strong></span> <span class='ocrx_word' id='word_1_563' title='bbox 1070 2540 1152 2575; x_wconf 83' lang='lat' dir='ltr'><strong><em>Aen.</em></strong></span> <span class='ocrx_word' id='word_1_564' title='bbox 1175 2538 1209 2579; x_wconf 88' lang='grc'><strong><em>5,</em></strong></span> <span class='ocrx_word' id='word_1_565' title='bbox 1235 2537 1326 2579; x_wconf 62' lang='lat'><strong><em>864„</em></strong></span> <span class='ocrx_word' id='word_1_566' title='bbox 1351 2537 1407 2572; x_wconf 91' lang='lat' dir='ltr'>ubi</span> <span class='ocrx_word' id='word_1_567' title='bbox 1432 2549 1464 2570; x_wconf 88' lang='lat' dir='ltr'><strong><em>v.</em></strong></span> <span class='ocrx_word' id='word_1_568' title='bbox 1485 2538 1560 2580; x_wconf 83' lang='lat' dir='ltr'><strong><em>Hey</em></strong></span> <span class='ocrx_word' id='word_1_569' title='bbox 1565 2548 1598 2568; x_wconf 93' lang='lat' dir='ltr'><strong><em>n.</em></strong></span> <span class='ocrx_word' id='word_1_570' title='bbox 1642 2535 1698 2569; x_wconf 80' lang='lat' dir='ltr'>alii</span> 
     </span>
     <span class='ocr_line' id='line_1_91' title="bbox 899 2563 1697 2623; baseline -0.004 -5"><span class='ocrx_word' id='word_1_571' title='bbox 899 2585 999 2619; x_wconf 78' lang='lat' dir='ltr'>aliter</span> <span class='ocrx_word' id='word_1_572' title='bbox 1022 2585 1124 2618; x_wconf 84' lang='lat' dir='ltr'>situm</span> <span class='ocrx_word' id='word_1_573' title='bbox 1146 2584 1289 2618; x_wconf 80' lang='lat' dir='ltr'>istorum</span> <span class='ocrx_word' id='word_1_574' title='bbox 1313 2563 1459 2617; x_wconf 77' lang='lat' dir='ltr'>focorum</span> <span class='ocrx_word' id='word_1_575' title='bbox 1479 2581 1697 2623; x_wconf 80' lang='lat' dir='ltr'><strong><em>definiebant,</em></strong></span> 
     </span>
     <span class='ocr_line' id='line_1_92' title="bbox 898 2627 1697 2676; baseline -0.006 -12"><span class='ocrx_word' id='word_1_576' title='bbox 898 2644 917 2664; x_wconf 91' lang='lat' dir='ltr'><strong><em>e</em></strong></span> <span class='ocrx_word' id='word_1_577' title='bbox 941 2643 1006 2675; x_wconf 85' lang='lat' dir='ltr'><strong><em>quo</em></strong></span> <span class='ocrx_word' id='word_1_578' title='bbox 1031 2631 1107 2676; x_wconf 87' lang='lat' dir='ltr'>ipso</span> <span class='ocrx_word' id='word_1_579' title='bbox 1127 2631 1313 2674; x_wconf 65' lang='lat' dir='ltr'>colligebat</span> <span class='ocrx_word' id='word_1_580' title='bbox 1332 2628 1589 2667; x_wconf 63' lang='lat' dir='ltr'><strong><em>Eratosthenes,</em></strong></span> <span class='ocrx_word' id='word_1_581' title='bbox 1613 2627 1697 2660; x_wconf 81' lang='lat' dir='ltr'><strong><em>baec</em></strong></span> 
     </span>
     <span class='ocr_line' id='line_1_93' title="bbox 898 2671 1695 2729; baseline -0.006 -18"><span class='ocrx_word' id='word_1_582' title='bbox 898 2688 974 2711; x_wconf 79' lang='lat' dir='ltr'><strong><em>esse</em></strong></span> <span class='ocrx_word' id='word_1_583' title='bbox 999 2689 1091 2711; x_wconf 83' lang='lat' dir='ltr'><strong><em>mera</em></strong></span> <span class='ocrx_word' id='word_1_584' title='bbox 1121 2675 1296 2710; x_wconf 80' lang='lat' dir='ltr'>mendacia</span> <span class='ocrx_word' id='word_1_585' title='bbox 1321 2678 1512 2729; x_wconf 80' lang='lat' dir='ltr'><strong><em>poetarum.</em></strong></span> <span class='ocrx_word' id='word_1_586' title='bbox 1544 2671 1631 2713; x_wconf 80' lang='grc' dir='ltr'><strong><em>τούς</em></strong></span> <span class='ocrx_word' id='word_1_587' title='bbox 1655 2671 1695 2707; x_wconf 81' lang='grc' dir='ltr'><strong><em>δὲ</em></strong></span> 
     </span>
     <span class='ocr_line' id='line_1_94' title="bbox 895 2716 1696 2765; baseline -0.007 -7"><span class='ocrx_word' id='word_1_588' title='bbox 895 2723 947 2765; x_wconf 84' lang='grc' dir='ltr'><em>μή</em></span> <span class='ocrx_word' id='word_1_589' title='bbox 971 2724 1183 2758; x_wconf 71' lang='grc' dir='ltr'><strong><em>πεπλάσθαι</em></strong></span> <span class='ocrx_word' id='word_1_590' title='bbox 1213 2721 1401 2765; x_wconf 74' lang='grc' dir='ltr'><strong><em>λέγοντας,</em></strong></span> <span class='ocrx_word' id='word_1_591' title='bbox 1439 2717 1522 2754; x_wconf 76' lang='grc' dir='ltr'><strong><em>ἀλλ’</em></strong></span> <span class='ocrx_word' id='word_1_592' title='bbox 1551 2716 1696 2753; x_wconf 82' lang='grc' dir='ltr'><strong><em>ὑποκεῖ-</em></strong></span> 
     </span>
     <span class='ocr_line' id='line_1_95' title="bbox 896 2764 1692 2824; baseline -0.008 -20"><span class='ocrx_word' id='word_1_593' title='bbox 896 2772 987 2804; x_wconf 67' lang='grc' dir='ltr'><strong><em>σθαι</em></strong></span> <span class='ocrx_word' id='word_1_594' title='bbox 1010 2770 1230 2824; x_wconf 69' lang='lat' dir='ltr'><strong><em>(Strabonem</em></strong></span> <span class='ocrx_word' id='word_1_595' title='bbox 1256 2766 1354 2801; x_wconf 79' lang='lat' dir='ltr'>audis</span> <span class='ocrx_word' id='word_1_596' title='bbox 1380 2770 1411 2807; x_wconf 93' lang='grc'><strong><em>1,</em></strong></span> <span class='ocrx_word' id='word_1_597' title='bbox 1436 2766 1481 2807; x_wconf 90' lang='grc'><strong><em>2,</em></strong></span> <span class='ocrx_word' id='word_1_598' title='bbox 1505 2777 1538 2810; x_wconf 88' lang='lat' dir='ltr'><strong><em>p.</em></strong></span> <span class='ocrx_word' id='word_1_599' title='bbox 1561 2764 1615 2798; x_wconf 79' lang='lat'><strong><em>34.</em></strong></span> <span class='ocrx_word' id='word_1_600' title='bbox 1640 2764 1692 2798; x_wconf 83' lang='lat' dir='ltr'><strong><em>ed.</em></strong></span> 
     </span>
    </p>

    <p class='ocr_par' dir='ltr' id='par_1_22' title="bbox 894 2810 1694 2998">
     <span class='ocr_line' id='line_1_96' title="bbox 895 2810 1694 2857; baseline -0.005 -8"><span class='ocrx_word' id='word_1_601' title='bbox 895 2813 1158 2857; x_wconf 62' lang='lat' dir='ltr'><strong><em>T.auc11n),ae&#39;g</em></strong></span> <span class='ocrx_word' id='word_1_602' title='bbox 1182 2811 1300 2847; x_wconf 85' lang='grc' dir='ltr'><strong><em>αυτοῦ</em></strong></span> <span class='ocrx_word' id='word_1_603' title='bbox 1321 2811 1390 2846; x_wconf 79' lang='grc' dir='ltr'><strong><em>τοῦ</em></strong></span> <span class='ocrx_word' id='word_1_604' title='bbox 1410 2810 1460 2855; x_wconf 86' lang='grc' dir='ltr'><strong><em>μή</em></strong></span> <span class='ocrx_word' id='word_1_605' title='bbox 1484 2813 1694 2854; x_wconf 83' lang='grc' dir='ltr'><strong><em>συμφωνεῖν</em></strong></span> 
     </span>
     <span class='ocr_line' id='line_1_97' title="bbox 895 2855 1692 2916; baseline -0.004 -20"><span class='ocrx_word' id='word_1_606' title='bbox 895 2861 1104 2904; x_wconf 73' lang='grc' dir='ltr'><strong><em>ἐλέγχεσθαι</em></strong></span> <span class='ocrx_word' id='word_1_607' title='bbox 1127 2857 1392 2916; x_wconf 81' lang='grc' dir='ltr'><strong><em>ψευδομένους.</em></strong></span> <span class='ocrx_word' id='word_1_608' title='bbox 1433 2856 1501 2897; x_wconf 80' lang='grc' dir='ltr'><strong><em>τοὶς</em></strong></span> <span class='ocrx_word' id='word_1_609' title='bbox 1522 2855 1591 2900; x_wconf 77' lang='grc' dir='ltr'><strong><em>γὰρ</em></strong></span> <span class='ocrx_word' id='word_1_610' title='bbox 1610 2859 1692 2893; x_wconf 84' lang='grc' dir='ltr'><strong><em>Σει-</em></strong></span> 
     </span>
     <span class='ocr_line' id='line_1_98' title="bbox 895 2902 1692 2951; baseline -0.003 -10"><span class='ocrx_word' id='word_1_611' title='bbox 895 2909 1010 2951; x_wconf 83' lang='grc' dir='ltr'><strong><em>ρῆνας</em></strong></span> <span class='ocrx_word' id='word_1_612' title='bbox 1039 2906 1128 2946; x_wconf 78' lang='grc' dir='ltr'><strong><em>τούς</em></strong></span> <span class='ocrx_word' id='word_1_613' title='bbox 1161 2918 1227 2949; x_wconf 78' lang='grc' dir='ltr'><strong><em>μεν</em></strong></span> <span class='ocrx_word' id='word_1_614' title='bbox 1269 2903 1328 2939; x_wconf 76' lang='grc' dir='ltr'><strong><em>ἐπὶ</em></strong></span> <span class='ocrx_word' id='word_1_615' title='bbox 1363 2904 1428 2948; x_wconf 83' lang='grc' dir='ltr'><strong><em>τῆς</em></strong></span> <span class='ocrx_word' id='word_1_616' title='bbox 1460 2902 1692 2946; x_wconf 75' lang='grc' dir='ltr'><strong><em>Πελωριάδος</em></strong></span> 
     </span>
     <span class='ocr_line' id='line_1_99' title="bbox 894 2949 1691 2998; baseline -0.005 -8"><span class='ocrx_word' id='word_1_617' title='bbox 894 2952 1125 2998; x_wconf 51' lang='lat' dir='ltr'><strong><em>maeotim,</em></strong></span> <span class='ocrx_word' id='word_1_618' title='bbox 1149 2964 1237 2993; x_wconf 85' lang='grc' dir='ltr'><strong><em>τους</em></strong></span> <span class='ocrx_word' id='word_1_619' title='bbox 1259 2949 1300 2987; x_wconf 73' lang='grc' dir='ltr'><strong><em>δὲ</em></strong></span> <span class='ocrx_word' id='word_1_620' title='bbox 1323 2949 1382 2988; x_wconf 75' lang='grc' dir='ltr'><strong><em>ἐπὶ</em></strong></span> <span class='ocrx_word' id='word_1_621' title='bbox 1405 2951 1478 2986; x_wconf 78' lang='grc' dir='ltr'><strong><em>ταῖν</em></strong></span> <span class='ocrx_word' id='word_1_622' title='bbox 1495 2952 1691 2997; x_wconf 83' lang='grc' dir='ltr'><strong><em>Σειρηνου-</em></strong></span> 
     </span>
    </p>
   </div>
  </div>
 </body>
</html>
