1856 3282
131 132 213 171 122

1105 30 1125 38 ο

786 129 1188 172 ΟΜΗΡΟΥ

296 236 352 280 οὗ
380 253 455 281 κεν
483 236 715 294 ἐφημέριός
742 255 790 293 γε
819 240 948 293 βάλοι
975 238 1086 282 κατὰ
1116 237 1258 292 δάκρυ
1287 241 1492 293 παρειῶν,

296 291 400 336 οὐδ’

432 295 472 337 εἴ
499 297 543 338 οἱ
570 298 862 364 κατατεθναίη
894 295 1033 364 μήτηρ
1063 311 1131 345 τε,
1146 296 1301 364 πατήρ
1331 311 1389 345 τε,

183 352 265 395 225
295 348 393 393 οὐδ’
426 352 466 394 εἴ
494 354 538 394 οἰ
564 352 864 406 προπαροιθεν
893 351 1110 408 αδελφεόν
1137 349 1179 421 ἢ
1195 353 1327 406 φίλον
1354 350 1455 395 υἱὸν

294 411 438 464 χαλκῷ
468 407 674 476 δηιόῳεν,
702 407 725 452 ὁ
757 407 798 452 δ’
827 408 1128 464 ὀφθαλμοῖσιν
1157 407 1313 462 ὁρῷτο.

263 462 397 506 *τοῖα
427 463 536 533 Διὸς
562 463 766 533 θυγάτηρ
792 464 855 519 ἔχε
886 465 1098 520 φάρμακα
1126 464 1369 518 μητιόεντα,

291 518 452 569 ἐσθλα,
475 520 538 563 wi
567 523 611 564 οἱ
641 519 912 576 Πολύδαμνα
941 521 1098 574 πόρεν,
1131 524 1284 570 Θῶνος
1312 534 1581 574 παρακοιτις,

290 577 532 644 Αἰγυπτίη,
562 581 615 634 τῇ
644 581 822 620 πλεῖστα
854 579 979 632 φέρει
1009 579 1210 630 ζείδωρος
1239 576 1412 630 ἄρουρα

174 636 259 677 230
287 633 522 686 φάρμακα,
549 633 688 676 πολλὰ
715 635 794 688 μὲν
825 634 960 676 ἐσθλὰ
990 632 1270 700 μεμιγμένα,
1290 632 1429 676 πολλὰ
1458 632 1504 675 δὲ
1535 630 1687 686 λυγρά.

286 690 443 759 ἰητρὸς
461 691 506 733 δὲ
538 689 740 760 ε’καΉστος,
773 689 1056 745 ἐπιστάμενος
1085 706 1184 743 περι
1213 687 1389 731 πάντων

287 744 564 818 ἀνθρώπων·

596 749 622 801 ἠ
653 747 736 800 γὰρ
771 746 993 801 Παιήονός
1022 748 1103 790 εἰσι
1133 746 1354 801 γενέθλης.

287 801 431 856 αὐτὰρ
462 803 552 846 επεί
584 802 629 857 ῥ’
660 802 823 859 ἐνέηκε,
855 803 1029 846 κέλευσέ
1060 819 1105 846 τε
1135 804 1399 858 οἰνοχοῆσαι,

290 858 460 911 ἐξαῦτις
490 858 702 916 μύθοισιν
732 860 996 917 οἷμειβομενη
1026 861 1306 915 προσέειπεν

113 1005 173 1046 (ut
198 1014 253 1047 ap.
278 1004 322 1044 E,
348 1006 412 1049 Ap.
404 1029 426 1045 .‚
453 1008 489 1037 et
514 1005 616 1060 vulgo
643 1005 678 1039 in
702 1007 839 1062 codd.3)
861 1007 921 1042 τό·

47 1058 55 1067 *
119 1061 159 1083 τε
183 1049 225 1084 τό
252 1051 338 1094 βρο
371 1050 522 1093 μικρόν,
547 1049 631 1085 ἀντὶ
656 1053 738 1095 (imo
764 1050 861 1087 (ἷποί
888 1065 920 1088 ν

113 1106 191 1128 ann.
216 1097 259 1130 ad
284 1097 325 1129 Il.
351 1094 400 1137 π’,
426 1098 527 1139 498.)
559 1099 627 1132 τοῦ
650 1098 781 1143 βρόχω.
830 1096 920 1134 ὅταν

115 1139 157 1175 δὲ
192 1137 278 1176 οἷντὶ
311 1144 381 1176 τοῦ
413 1142 631 1189 καταφάῃγ,
676 1145 769 1189 μέγα
810 1147 918 1190 βρω.

111 1186 163 1221 sic
187 1188 323 1232 quidem
350 1190 526 1233 Hesych„
551 1192 612 1223 sed
636 1191 745 1224 minus
768 1191 865 1225 bene.
875 1212 920 1217 —

110 1236 184 1267 Am.
210 1234 249 1267 B.
276 1240 310 1267 et
335 1235 396 1288 Ω
423 1235 701 1278 ἐφημέριος.
734 1236 920 1294 διήμερος,

111 1275 135 1312 ὅ
159 1279 234 1314 ἐστι
259 1278 314 1314 δι’
340 1278 429 1321 ὅλης
458 1283 523 1325 τῆς
548 1279 614 1325 ἡμε
610 1282 694 1324 ’ρας.
735 1281 774 1317 ἐν
799 1284 918 1329 ἐκεινῃ

108 1326 156 1371 τῆ
180 1323 316 1372 ἡμέρᾳ,
341 1324 379 1360 ἐν
396 1330 418 1371 ᾐ
447 1328 558 1361 ε’πιεν.
573 1348 619 1352 --
637 1330 707 1361 Am.
734 1329 773 1362 B.
799 1335 834 1363 et
851 1331 917 1364 Ε..

106 1373 267 1427 χαλκῷ
303 1373 534 1430 δηιόῳεν
565 1374 635 1418 (ΙΙ.
661 1374 712 1417 λ’,
739 1376 805 1410 153
831 1377 915 1421 etc.)

106 1415 320 1460 οἷναιροῖεν,
333 1419 558 1474 φονεύοιεν.

149 1466 230 1500 227.
279 1464 514 1509 φάρμακα
552 1464 836 1510 μητιόεντα.
860 1467 915 1500 in-

103 1515 205 1555 epta,
238 1511 267 1545 si
293 1524 380 1557 quae
404 1513 496 1554 alia,
520 1512 721 1568 scriptura,
748 1513 813 1546 nisi
838 1513 913 1556 quis

103 1556 225 1590 audiat
248 1558 483 1598 Scholiastas‚
508 1555 584 1592 υπὸ
611 1558 788 1599 συνέσεως
813 1565 913 1603 θυρε-

102 1602 221 1636 θέντα
250 1603 540 1658 interpretantes,
573 1605 646 1644 vel,
683 1605 773 1648 quod
808 1606 911 1639 etiam

102 1647 286 1691 insulsius,
326 1649 518 1693 πρακτικοὶ.
556 1651 769 1684 confidenter
805 1663 910 1695 pona-

101 1706 174 1728 mus
216 1695 442 1740 μητιόεντος.
502 1696 554 1730 sic
605 1708 660 1741 ap.
697 1696 911 1751 Euripidem

99 1741 232 1775 Phoen.
264 1742 343 1777 636.
378 1744 491 1776 Aldus
533 1742 638 1775 habet
689 1740 803 1783 ἄτιμα
848 1755 910 1788 pro

101 1783 251 1831 ἄτιμος,
286 1794 320 1822 et
354 1788 531 1823 contraria
572 1788 693 1821 menda
731 1789 811 1822 libri
843 1793 912 1823 Ae-

99 1834 233 1878 schylei
259 1834 343 1867 Cho.
369 1837 450 1870 356.
488 1834 670 1868 ostendunt
696 1847 785 1877 φρει
790 1835 830 1875 ὸς
848 1847 910 1880 pro

100 1881 220 1924 φρένα
238 1906 248 1921 ,
286 1893 350 1914 nec
374 1882 443 1915 alia
468 1886 735 1924 permutatorum
760 1881 850 1915 inter
873 1894 910 1915 se

101 1941 126 1960 α
151 1932 187 1960 et
212 1939 253 1966 ος
278 1927 432 1971 exempla
457 1928 601 1960 desunt:
637 1939 671 1960 v.
701 1928 842 1960 Person.
866 1928 911 1961 ad

99 1972 225 2018 Eurip‚
247 1974 268 2006 l.
297 1985 326 2006 c.
352 1979 387 2006 et
413 1973 548 2006 Hecub.
574 1974 662 2015 782,
688 1984 749 2007 nos
774 1974 817 2006 ad
841 1975 913 2008 Ae-

100 2019 210 2064 schyl.
244 2019 358 2054 Prom.
383 2020 461 2054 659.
493 2023 528 2052 et
552 2020 678 2061 passim
706 2019 742 2052 in
767 2024 912 2054 annota-

99 2065 144 2098 tis
168 2065 211 2099 ad
237 2068 357 2110 poetas
382 2064 536 2099 scenicos
555 2065 778 2099 Graecorum.
820 2064 912 2106 Ζεύς

97 2111 262 2154 μητιόεις
302 2111 391 2145 idem
432 2116 486 2144 est
526 2122 568 2143 ac
606 2110 911 2155 πολυθρύλλητος

96 2157 156 2192 ille
178 2156 331 2201 μητιέτα
360 2156 463 2197 Ζεύς.
499 2157 650 2212 scriptor
674 2158 787 2203 hymni
808 2160 908 2192 Hom.

95 2203 130 2238 in
158 2204 343 2260 Apollinem
369 2204 469 2238 344:
495 2200 583 2238 ου’τε
607 2204 694 2239 ποτ’
720 2206 771 2246 εἰς
797 2202 908 2250 εὐνήν

95 2249 189 2291 Διός
213 2248 332 2295 ἤλυθε
355 2247 583 2293 μητιόεντος.

138 2298 250 2331 228-
258 2298 338 2331 232.
386 2294 702 2338 Πολύδαμνα.
736 2297 810 2330 Αιιι.
835 2296 906 2336 Q.:

93 2362 135 2367 -—
161 2342 224 2378 καὶ
257 2339 460 2386 Εὐφορίων
504 2340 544 2376 ἐν
584 2342 755 2387 Διονύσῳ
795 2343 906 2387 φησί·

89 2389 423 2447 βλαψίφρονα
474 2401 705 2431 φαρμακα
744 2390 906 2432 χεῦεν,

91 2431 195 2471 ὅσσ’
231 2434 354 2492 ἐδᾴη
400 2432 636 2480 Πολύδαμ
647 2435 701 2470 νά
743 2447 787 2469 τε
821 2438 905 2470 Κυ-

88 2483 218 2523 ταὶ“,ς
245 2478 267 2525 ἢ
296 2478 390 2518 όσα
415 2449 636 2522 Μήδειαμ
648 2488 683 2516 at
709 2481 799 2524 Cyta
822 2482 903 2515 urbs

90 2528 280 2563 Colchidis.
294 2528 354 2585 τΕι
378 2550 424 2555 —
447 2526 600 2571 ΗῙήδεια
623 2526 645 2572 ἡ
675 2527 713 2563 ἐκ
737 2529 905 2568 Κυταίας

89 2573 254 2617 πόλεως,
285 2570 330 2620 ἧς
360 2588 423 2609 και
462 2573 672 2616 Λυκόφρων
711 2573 904 2618 μέμνηται.

92 2622 138 2654 cf.
172 2622 298 2655 cellar.
324 2623 358 2656 2.
394 2632 426 2665 p·
450 2620 541 2661 364,
575 2622 655 2656 365.
691 2620 741 2653 ita
772 2622 905 2654 scriba-

90 2679 184 2701 mus.
208 2669 346 2724 βλαψ.
374 2681 415 2711 φ.
450 2667 608 2710 χεῦεν,
626 2664 757 2701 “0⁶⁶²
782 2665 903 2711 ἐδάη

90 2713 398 2757 Πολύδαμνα
423 2726 470 2748 τε
495 2727 572 2748 και
598 2711 790 2755 Μήδεια
815 2716 904 2747 Kv-

90 2760 220 2800 ταΐις
253 2772 352 2814 quam
377 2760 626 2794 correctionem
651 2758 767 2792 nescio
792 2771 902 2792 annon

90 2807 315 2849 occupaverit
358 2806 576 2840 doctissimus
619 2805 777 2839 Meineke
814 2805 902 2838 libro

91 2852 135 2886 de
160 2852 394 2897 Euphorionis
419 2851 491 2885 vita
527 2856 562 2885 et
585 2851 745 2896 scriptis3
781 2850 837 2895 qui
860 2851 903 2884 li-

91 2899 155 2932 ber
179 2910 244 2932 non
269 2903 322 2932 est
346 2898 388 2931 ad
415 2909 560 2932 manum.
584 2898 635 2931 E:
660 2898 730 2932 τοῦ
755 2897 794 2931 δε
822 2898 903 2932 Θῶ-

91 2958 155 2986 νος
179 2941 344 2980 εὐθεῖα
332 2943 353 2987 ἠ
381 2942 491 2979 Θόων
517 2941 669 2985 Θόωνος
694 2941 789 2978 κατὰ
813 2956 904 2981 τους

91 2991 298 3033 παλαιούς,
342 3004 374 3025 κ.
415 2989 454 3026 ἐν
495 2992 661 3037 συγκοπῇ
695 2991 844 3032 Θῶνος,
877 2986 902 3035 ἢ

965 1005 1104 1049 μᾶλλον
1120 1005 1194 1059 (⁸²)
1236 1006 1357 1045 Θῶνις
1395 1001 1560 1046 Θῶνιος,
1603 1014 1637 1036 κ.
1674 998 1766 1034 κατὰ
1793 996 1810 1005 ”

967 1049 1174 1102 σνγκοπήν
1194 1051 1334 1091 Θῶνος.
1368 1050 1419 1093 (⁸3)
1455 1050 1546 1095 φασι
1579 1047 1620 1083 δε
1651 1043 1768 1081 αντόν
1806 1092 1809 1094 Β

966 1097 1116 1142 βασιλέα
1140 1096 1234 1133 εἶναι
1257 1099 1326 1132 τοῦ
1349 1110 1443 1131 κατα
1469 1096 1652 1148 Κάνωβον
1677 1094 1768 1127 Νει-
1806 1103 1808 1108 ’

965 1143 1062 1188 λῴου
1087 1143 1288 1188 στόματος,
1314 1140 1466 1186 εὑρετήν
1494 1141 1659 1185 ἰατρικῆς
1682 1137 1767 1181 παρ’
1815 1158 1844 1187 v3

961 1179 1197 1245 Αἰγυπτίοις,
1239 1190 1302 1224 καὶ
1340 1202 1427 1232 πριν
1464 1201 1530 1232 μεν
1574 1189 1669 1223 ἰδεῖν
1698 1184 1766 1228 τὴν

961 1233 1130 1281 Ελένην,
1177 1237 1393 1291 φιλοτιμίας
1420 1236 1633 1271 διακεῖσθαι
1668 1231 1766 1275 πρὸς
1820 1267 1823 1270 .

964 1284 1175 1323 ΙΡΙενέλαον,
1201 1281 1332 1317 ἰδόντα
1358 1279 1398 1316 δε
1430 1282 1492 1316 καὶ
1529 1279 1766 1324 περιεργασά-

963 1341 1075 1372 μενον
1097 1329 1390 1372 κατεπιχειρῆσαι
1414 1326 1529 1381 αὐτῆς
1548 1326 1639 1383 ,noos
1657 1328 1765 1382 βίαν·

962 1376 1024 1410 καὶ
1057 1373 1122 1410 τὸν
1152 1376 1343 1410 Maevs'kaov
1378 1372 1512 1417 γνόντα
1535 1372 1674 1408 ἀνελεῖν
1699 1369 1764 1406 αὗ-

961 1421 1036 1456 τόν.
1078 1419 1150 1466 αφ’
1194 1417 1239 1456 οὗ
1281 1434 1344 1455 και
1378 1419 1484 1456 πόλιν
1526 1422 1651 1456 Θῶνιν
1681 1416 1767 1454 ὀνο-

960 1468 1172 1513 μασθῆναι,
1207 1482 1240 1502 κ.
1271 1467 1338 1502 τόν
1364 1463 1458 1508 παρ’
1484 1466 1699 1519 Αἰγυπτίοις
1725 1458 1771 1499 δὲ

959 1516 1107 1557 πρῶτον
1137 1513 1258 1560 μῆνα,
1289 1526 1355 1548 τον
1389 1511 1499 1553 θώθ,
1545 1512 1610 1548 ἀπ’
1644 1511 1792 1547 αυτοῦ’

958 1562 1154 1605 κληθῆναι.
1188 1561 1240 1604 (ἶ)
1274 1558 1445 1598 Αἰλιανός
1479 1557 1519 1594 δε
1553 1560 1622 1602 (H.
1653 1561 1694 1592 A.
1727 1559 1763 1598 9,

956 1607 1031 1650 21.)
1056 1606 1214 1662 ιστορεῖ,
1239 1604 1463 1661 παραθήκην
1482 1604 1656 1649 γενέσθαι
1681 1602 1764 1639 Θώ-

957 1654 1034 1686 νιδι
1066 1652 1134 1697 τήν
1161 1649 1311 1695 Ελένην
1337 1650 1427 1694 πρὸς
1450 1650 1670 1692 Mancino,
1693 1649 1762 1685 α’ν-

958 1698 1083 1739 ιόντος
1122 1700 1171 1739 εἰς
1202 1701 1407 1738 ΑἰθιΗοπας
1440 1699 1503 1732 καὶ
1539 1712 1589 1738 ως
1611 1695 1762 1742 ἠράσθη

957 1743 1073 1790 αὐτῆς
1108 1742 1126 1780 ὃ
1172 1746 1316 1783 Θωνις
1354 1744 1416 1779 καὶ
1450 1743 1500 1784 ὡς
1528 1743 1704 1802 ἐζήλωσεν
1735 1743 1760 1799 ᾗ

957 1790 1166 1835 Πολυδαμα
1191 1792 1244 1834 (¹3)
1271 1789 1292 1834 ἢ
1313 1790 1543 1847 Πολύδαμνα
1563 1789 1661 1825 καθ’
1686 1790 1760 1827 ετὲ-

958 1849 1069 1881 ρους·
1103 1852 1163 1872 και
1200 1836 1249 1877 ὡς
1274 1838 1420 1881 ἐξέθετο
1446 1851 1513 1881 την
1536 1834 1683 1881 Ἑλένην
1707 1839 1762 1878 εἰς
1788 1880 1791 1886 Ι

958 1885 1082 1928 φάρον
1115 1881 1281 1928 (Φόρον)
1314 1885 1424 1927 οἷ’κτω
1457 1885 1557 1927 (tort.
1579 1882 1674 1930 ὄκνῳ
1677 1886 1761 1927 ..)κ

960 1931 1055 1976 ζήλῳ
1081 1935 1147 1964 etc.
1180 1931 1224 1964 cf.
1247 1930 1348 1963 Diod.
1377 1931 1448 1964 Sic.
1474 1933 1552 1971 109,
1577 1932 1632 1965 96.
1658 1937 1694 1964 et
1717 1931 1762 1965 de

959 1979 1044 2011 urbe
1079 1976 1239 2010 Thonide
1269 1977 1357 2010 idem
1390 1977 1457 2017 23,
1491 1977 1548 2010 28.
1581 1977 1760 2011 Herodoto

958 2024 1092 2068 quidem
1129 2028 1268 2056 auctore
1292 2025 1332 2064 2,
1360 2024 1436 2057 113.
1462 2022 1595 2055 Thonis
1618 2023 1685 2055 fuit
1701 2035 1761 2056 cu-
1822 2022 1823 2062 ζ

957 2075 1028 2104 stos
1052 2067 1255 2113 (φύλακος)
1288 2069 1367 2103 ostii
1391 2067 1567 2102 Canobici.
1594 2079 1627 2102 v.
1654 2070 1688 2102 N
1712 2075 1760 2112 et,
1820 2065 1830 2111 ’.ζ

957 2127 1056 2160 quem
1095 2116 1268 2153 laudavit,
1311 2115 1457 2148 Heeren.
1499 2115 1603 2148 Ideen
1634 2116 1678 2156 2,
1711 2116 1759 2158 2,

955 2169 1041 2196 sect.
1064 2163 1112 2204 3.,
1136 2173 1212 2206 pag
1227 2162 1306 2195 706.
1342 2162 1385 2195 de
1405 2159 1551 2200 Helena,
1574 2172 1639 2194 non
1664 2162 1759 2195 Tro-
1818 2170 1821 2207 ζ

950 2209 1049 2252 jam,
1073 2208 1135 2242 sed
1168 2208 1201 2240 in
1227 2210 1420 2250 Aegyptum
1444 2211 1589 2246 avecta,
1614 2207 1756 2241 consilio
1817 2229 1821 2235 ·

953 2233 1113 2296 Juno’nis‚
1154 2257 1236 2287 nota
1264 2252 1382 2286 fabula
1413 2257 1466 2286 est
1502 2263 1542 2285 ex
1578 2231 1756 2297 Euripidis
1816 2262 1820 2280 ἔ

952 2300 1099 2334 Helena.
1132 2319 1178 2324 —
1208 2299 1263 2344 τῇ
1300 2319 1342 2324 -
1382 2297 1539 2343 λυγρά.
1574 2298 1754 2333 herbarum
1815 2317 1819 2324 ·

952 2345 1144 2380 efficacium
1187 2346 1221 2378 in
1256 2349 1434 2388 utramque
1469 2349 1596 2388 partem
1629 2345 1753 2379 fertilis
1814 2348 1817 2381 i

951 2392 1019 2425 fuit
1043 2395 1239 2435 Aegyptus,
1271 2396 1309 2424 ut
1333 2397 1493 2433 narrant,
1518 2390 1666 2424 Homero
1693 2403 1755 2425 au-

951 2444 1068 2473 ctore.
1096 2438 1358 2481 Theophrastus
1384 2437 1472 2472 Hist.
1505 2436 1611 2480 plant.
1643 2438 1675 2476 9,
1702 2439 1755 2474 15.
1812 2446 1815 2481 ξ

950 2488 985 2516 et
1019 2483 1106 2517 Plin.
1130 2484 1176 2519 H.
1202 2484 1245 2516 N.
1270 2485 1336 2524 25,
1369 2485 1403 2518 5.
1435 2501 1479 2507 -
1504 2481 1672 2525 ἰητρὸς
1705 2482 1755 2519 δὲ
1811 2493 1815 2528 j

951 2528 1160 2568 ἕκαστος.
1186 2536 1281 2563 certe
1305 2540 1447 2573 magnus
1473 2530 1677 2563 medicorum
1690 2542 1750 2564 nu-

950 2587 1062 2610 merus
1107 2576 1172 2609 suit
1213 2587 1267 2619 ap.
1311 2575 1503 2620 Aegyptios
1523 2599 1532 2616 ,
1571 2587 1756 2620 curamque

950 2633 1063 2655 omnes
1090 2620 1299 2655 adhibebant
1323 2621 1366 2655 de
1391 2623 1467 2655 cibo
1493 2625 1529 2654 et
1553 2626 1648 2666 potu,
1675 2634 1752 2656 cor-
1808 2635 1811 2668 ς

950 2668 1158 2713 potibusque
1190 2667 1326 2712 saepius
1357 2667 1555 2712 purgandis·
1587 2679 1620 2700 v.
1646 2668 1680 2701 N
1705 2674 1753 2710 et,
1807 2701 1810 2707 ,

949 2715 1007 2747 illo
1047 2720 1275 2754 monstrante,
1313 2714 1443 2747 Herod.
1469 2715 1508 2753 2,
1534 2714 1589 2754 77,
1614 2715 1690 2754 84.;
1715 2715 1750 2755 8,

952 2761 1045 2800 1294
1070 2759 1167 2793 Curt.
1191 2760 1369 2804 Sprengel.
1389 2737 1508 2813 Geschg
1528 2759 1590 2792 der
1609 2761 1751 2794 Arznei-
1805 2771 1809 2784 ¹

950 2785 1090 2845 kunde,
1115 2817 1148 2850 p.
1172 2808 1204 2839 1.
1230 2817 1308 2850 pag.
1334 2807 1390 2841 77.
1412 2824 1458 2830 ——-
1482 2800 1507 2847 ἦ
1529 2804 1750 2850 γὰρ-γε·
1804 2841 1806 2851 Α

948 2851 1144 2895 νέθλης,
1175 2863 1255 2884 nam
1275 2863 1387 2897 genus
1407 2852 1537 2885 ducunt
1555 2864 1578 2884 a
1600 2853 1749 2892 Paeone
1803 2882 1806 2889 .

949 2897 1086 2931 deorum
1119 2898 1304 2942 chirurgo,
1341 2899 1373 2934 h.
1403 2909 1436 2932 e.
1465 2897 1535 2942 ipsi
1558 2904 1638 2932 sunt
1660 2899 1751 2933 chir·
1802 2904 1806 2933 ί

949 2944 1027 2987 urgi
1069 2947 1104 2976 et
1137 2944 1279 2978 medici:
1312 2955 1424 2989 neque
1457 2943 1544 2977 enim
1575 2945 1665 2979 aliud
1689 2945 1751 2979 hoc
1800 2938 1804 2973 .'

949 2990 1084 3024 dicendi
1110 2990 1210 3024 modo
1233 2990 1381 3036 mythico
1405 2989 1631 3035 significatur,
1656 2996 1693 3025 ut
1715 2991 1748 3025 N
1800 2999 1803 3012 '
