1846 3282
0 2114 1 2121 ι
52 2108 119 2141 ἔοι
123 2097 217 2155 ἔρχ.
241 2098 312 2132 νῦν
336 2099 540 2143 συφεόνδε·

557 111 1249 154 ΟΔΤΣΣΕΙΑΣΚ.
1676 113 1736 153 63

130 201 211 269 310
242 222 371 278 ἔστην
400 220 442 266 δ’
473 222 555 265 εἰνὶ
578 219 751 289 θύρῃσι
777 223 887 271 θεᾶς
913 218 1308 275 καλλιπλοκάμοιο·

241 279 351 323 ἔνθα
382 277 483 328 στὰς
512 277 695 333 ἐβόησα,
725 278 810 322 θεοὶ
839 278 885 321 δέ
913 293 996 346 μευ
1026 275 1177 319 ἔκλυεν
1211 275 1363 345 αυδης.

240 335 268 392 ἡ
300 334 342 379 δ’
376 333 471 386 αἶψ’
505 335 743 387 ἐξελθοῦσα
771 333 915 386 θύρας
944 333 1040 385 ὤϊξε
1070 348 1267 387 φαεινας,

241 393 316 439 καὶ
343 392 486 436 κάλει·
518 391 655 446 αὐτὰρ
687 390 801 446 ἐγων
830 389 1017 462 ἑπόμην,
1048 388 1320 460 ἀκαχήμενος
1349 386 1469 445 ἦτορ.

241 447 327 492 εἷσε
358 449 403 492 65
434 445 487 502 μ’
516 450 808 503 εἰσαγαγοῦσα
838 447 906 490 ἐπὶ
935 448 1108 501 θρόνου
1142 445 1438 516 ἀργυροήλου,

126 510 209 552 315
240 509 402 557 καλοῦ,
433 506 688 549 δαιδαλέου·
721 504 811 548 ὑπὸ
842 503 889 547 δὲ
917 508 1091 559 θρῆνυς
1119 504 1250 546 ποσὶν
1277 506 1377 557 ἠευ

239 563 355 613 τεῦξε
386 540 432 604 δέ
461 579 538 617 μοι
566 565 709 606 κυκεῶ
737 560 908 622 χρυσέῳ
939 560 1067 604 δέπα’
1081 593 1092 612 ,
1125 559 1261 630 ὄφρα
1274 561 1433 614 πίοιμι,

239 619 288 661 ἐν
316 607 365 662 65
394 634 440 661 τε
469 618 707 690 φάρμακον
735 622 837 674 ήκε,
874 634 987 660 κακα
1020 614 1261 686 92902’59v6'
1292 616 1356 659 ένὶ
1387 618 1530 670 θυμῷ

237 675 377 728 αὐτὰρ
408 675 497 719 ἐπεὶ
530 675 670 719 δῶκέν
698 690 765 724 τε,
797 674 870 717 καὶ
901 674 1074 746 ξ’,ιιπιον
1113 672 1218 716 ov'65
1246 671 1291 742 μ’
1327 673 1483 725 5Q357g5‚

239 730 390 788 ῥάβδῳ
420 736 666 787 πεπληγυῖα
695 731 798 781 ἔπος
827 728 872 772 τ’
902 728 1031 784 ἔφατ’
1044 762 1053 780 ‚
1087 729 1132 772 ἔκ
1161 728 1203 772 τ’
1236 728 1477 798 dvo‘pteragm·

123 792 206 833 320
320 789 503 860 ”E-028⁰,
528 792 633 837 νῦν,
664 786 881 857 συφεόνδε
910 785 1004 840 μετ’
1039 785 1181 829 ἄλλων
1210 786 1305 838 λέξο
1337 786 1553 839 ἑταίρων]

238 843 297 895 ὣς
327 843 432 901 φάτ’
445 860 454 869 ·
485 843 568 899 ἐγω
600 842 643 888 δ’
675 843 758 898 ἄορ
791 842 867 895 ὀξὺ
898 842 1193 898 ἐρυσσάμενος
1221 843 1342 898 παρὰ
1371 845 1520 899 μηροῦ

194 903 379 958 Κίρκῃ
410 900 583 958 ἐπήιξα,
615 900 723 944 ὥστε
751 900 963 956 κτάμεναι
992 902 1246 956 μενεαίνων.

284 1003 329 1037 ad
352 1015 465 1048 genua
488 1003 561 1048 ejus
586 1003 768 1048 provoluta
793 1003 896 1037 Circe
921 1002 1080 1047 quaerit,
1104 1015 1147 1038 an
1173 1003 1219 1036 sit
1246 1003 1411 1048 Ulysses,
1437 1013 1536 1047 quem
1560 1001 1727 1036 adventu—

203 1061 274 1083 rum
298 1050 481 1095 aliquando
505 1050 734 1084 Mercurius'
725 1050 794 1095 ipsi
818 1049 1053 1095 praedixerat.

233 1116 261 1173 ἡ
293 1117 339 1161 δὲ
364 1116 474 1189 μέγα
503 1117 691 1172 ἰάχουσα
720 1115 963 1172 ὑπέδραμε,
993 1116 1067 1185 κάὶ
1094 1114 1201 1172 λαβε
1229 1115 1418 1171 γούνων,

232 1175 307 1218 καί
336 1172 386 1229 μ’
416 1174 726 1234 ὀλοφυρομένη
758 1174 860 1216 ἔπεα
887 1173 1124 1226 πτερόεντα
1152 1173 1409 1228 προσηύδα·

123 1233 205 1276 325
319 1262 345 1283 ,,
360 1231 436 1281 Τις
463 1230 604 1273 πόθεν
635 1235 694 1280 εἰς
725 1227 930 1298 ἄνδρων,-
961 1228 1070 1272 πόθι
1102 1245 1171 1272 τοι
1198 1229 1325 1280 πόλις
1343 1229 1431 1301 ἠδὲ
1460 1233 1636 1285 τοκῆες;

234 1285 389 1340 θαῦμα
418 1284 465 1355 μ’
498 1287 603 1356 ἔχει,
636 1303 696 1337 ως
722 1287 844 1355 ,οὕτω
874 1301 990 1328 πιων
1019 1285 1121 1328 τάδε
1153 1285 1376 1354 φάρμακ’,
1402 1286 1626 1357 ἐθέλχθης.

238 1341 344 1386 οὐδὲ
373 1360 457 1398 γαρ
488 1342 591 1387 οὐδέ
620 1360 684 1394 τις
714 1341 845 1392 ἄλλος
875 1341 985 1396 ανὴρ
1014 1342 1118 1385 τάδε
1151 1341 1355 1398 φάρμακ’
1385 1342 1558 1400 α’νέτλη,

234 1399 285 1450 ὅς
314 1415 362 1443 κε
391 1402 490 1456 πίῃ,
521 1401 594 1443 καὶ
624 1403 798 1452 πρῶτον
828 1400 1055 1452 α’μείψεται
1080 1399 1213 1451 ἕρκος
1243 1400 1461 1443 ὀδόντων·

230 1456 302 1500 σοὶ
332 1456 379 1499 65
408 1474 471 1507 τις
503 1457 548 1499 5v
578 1457 812 1512 στήθεσσιν
842 1455 1058 1525 ἀκήλητος
1086 1454 1193 1506 νόος
1223 1455 1355 1500 ἐστίν.

121 1517 204 1559 330
233 1531 261 1568 η
292 1511 392 1567 σύγ’
417 1487 654 1563 Ὀδυσσεύς
683 1513 775 1556 ἐσσι
807 1513 1108 1566 πολύτροπος,
1141 1511 1238 1555 ὅντε
1268 1529 1347 1567 μοι
1377 1513 1459 1556 αἰεὶ

231 1570 402 1624 φάσκεν
430 1569 685 1637 ἐλεύσεσθαι
717 1569 1018 1636 χρυσόρραπις
1042 1567 1363 1626 Ἀργειφόντης,

227 1626 276 1670 ἐκ
312 1628 472 1682 Τροίης
501 1625 685 1669 ἀνιόντα
713 1629 803 1682 θοῇ
834 1625 915 1677 ξύν
943 1628 1020 1682 νηὶ
1047 1627 1241 1682 μελαίνῃ.

101 1773 191 1816 314,
213 1775 294 1814 315.
340 1776 430 1816 366,
455 1776 521 1816 67,
547 1776 586 1809 11.
611 1774 655 1816 α’,
680 1776 761 1817 389,
786 1775 866 1810 390.

101 1821 220 1856 316-
234 1821 315 1856 322.
365 1817 516 1856 δέκετ’.
559 1821 677 1855 elisum
708 1836 722 1856 ι
752 1801 866 1855 ’dativi

54 1866 144 1910 sing.
158 1891 168 1908 ,
211 1871 250 1900 ut
282 1869 359 1902 106.
402 1874 438 1902 et.
473 1867 570 1902 alias.
628 1868 724 1902 malit
751 1873 867 1901 tamen

55 1913 282 1946 Buttmaunus
303 1913 413 1961 δέπᾳ,
440 1921 480 1947 ut
503 1913 597 1960 γήρᾳ
616 1913 659 1955 λ’,
681 1914 760 1954 135,
786 1910 864 1961 ἥρῳ

55 1958 96 1993 ΙΙ.
129 1957 186 2001 η’,
209 1959 289 1994 453.
318 1979 362 1986 --
407 1958 520 2001 ἔπος
544 1959 795 2004 --ὀνόμαζ
807 1973 863 2001 εν,

52 2006 224 2061 verbaque
239 2007 331 2048 fecit
356 2011 390 2040 ct
414 2007 547 2040 elocuta
572 2013 632 2041 est.
667 2019 703 2040 v·
723 2019 799 2041 ann.
819 2008 863 2041 ad

52 2050 93 2085 ΙΙ.
119 2049 166 2091 α’,
190 2052 271 2087 361
299 2070 344 2077 —-
379 2052 479 2097 ἔρχεο
504 2072 551 2078 -
574 2053 743 2096 ἑταίρων.
787 2053 862 2087 vul-

567 2100 641 2143 (vel
665 2118 711 2124 —-—
736 2110 824 2144 συφ.
831 2100 860 2143 ,)

51 2141 134 2184 μετ’
161 2150 228 2177 etc
268 2145 330 2178 aed
354 2151 450 2180 recte
470 2147 616 2180 Buttnm
645 2146 780 2187 „Nimis
802 2146 859 2180 diu

51 2188 263 2224 invenustum
283 2191 349 2226 hoc
368 2193 584 2250 εεγηάεῑοη·
575 2205 610 2226 ιιι
627 2171 766 2226 Homeri
783 2196 861 2226 tex-

52 2240 91 2268 tu
114 2235 272 2270 reiictum
303 2244 357 2272 est
389 2237 491 2282 ἔρχεο
526 2237 730 2281 συφεόνδε,
766 2238 858 2281 λέξο.

47 2280 256 2336 jungendum
287 2289 343 2317 est
374 2296 474 2343 συφ.
494 2284 596 2328 λέξο,
639 2291 677 2319 ut
709 2284 860 2327 λέξομαι

52 2327 106 2364 εἰς
128 2324 241 2370 εὐνήν
264 2326 413 2385 ρ’,102·.
456 2344 555 2386 ερχεο
590 2332 677 2365 enim
702 2332 858 2388 abfolute

53 2372 111 2406 alii
151 2372 355 2427 imperativo
392 2377 492 2420 jungi
527 2379 637 2419 solet,
674 2384 712 2410 ut
744 2377 857 2423 5'‚9150

51 2419 162 2462 δεῦρο
186 2418 404 2465 κάλεσσονρ
418 2425 551 2464 ‚.‘529
542 2426 565 2444 “
588 2444 634 2450 —
656 2423 794 2481 ‚2550st
820 2430 858 2458 ut

51 2464 94 2497 ΙΙ.
120 2463 173 2505 ω’,
197 2466 278 2501 650.
324 2468 447 2502 Harl.:
470 2469 585 2513 λέξο.
627 2467 746 2510 ου’τως
769 2468 859 2514 Ἀρί-

52 2521 205 2554 «raptos
228 2512 453 2557 δισυλλάβως
479 2514 521 2551 τὸ
546 2515 660 2558 λέξο.
685 2535 727 2542 -
769 2529 858 2561 quae

48 2557 225 2592 illustrans
248 2557 440 2594 Pon-sonus·
472 2563 655 2602 „videntur
677 2562 841 2608 quidamst
832 2564 856 2582 “

49 2603 183 2647 inquit,
219 2605 372 2648 „legisse
395 2605 489 2648 λέξε
515 2609 632 2642 elisum
658 2620 721 2654 pro
746 2610 856 2652 λέξεο,

49 2650 151 2705 quod
166 2650 299 2696 plenum
325 2657 420 2686 extat
443 2654 482 2688 ΙΙ.
509 2654 552 2697 ι’,
577 2655 655 2691 639.
691 2663 810 2700 postea
835 2668 854 2689 e

46 2694 150 2738 λέξο,
174 2703 254 2732 nota
277 2696 429 2732 elisionis
455 2701 630 2744 neglecta,
654 2701 778 2735 factum
802 2706 856 2735 est

46 2741 158 2785 λέξαι.
168 2746 189 2762 “
234 2742 334 2786 λέξαι
368 2744 495 2788 legitur
526 2746 561 2779 in
592 2747 646 2780 ed.
681 2747 773 2781 Flor.
806 2754 854 2790 et,

47 2793 210 2843 tanquam
238 2790 375 2823 varians
399 2793 575 2846 scriptura
597 2804 651 2838 ap.
676 2793 855 2849 &ugo-1»

47 2833 83 2868 in
105 2835 181 2870 ΑΙιΙ.
206 2837 264 2878 3.,
298 2835 497 2877 δοΙιτενεΙ.,
533 2838 628 2880 aliis,
661 2841 750 2884 quod
776 2841 855 2885 qui-

47 2880 124 2915 den
146 2881 289 2916 alienum
311 2894 386 2916 esse
410 2884 581 2918 intellexit
603 2884 668 2926 el„
691 2897 765 2920 cum
787 2898 854 2922 non

44 2927 150 2969 cuba,
175 2929 266 2974 quod
292 2930 491 2986 requiritur,
516 2931 576 2964 sed
601 2930 772 2974 significet
793 2945 852 2967 cu-

41 2971 124 3009 bare
140 2976 215 3018 sac.
262 2974 384 3019 λέξαι,
411 2977 568 3022 imperat.
594 2988 666 3012 aor.
693 2981 724 3014 1.
751 2979 851 3021 med„

913 1774 1043 1819 placuit
1066 1775 1248 1813 Barnesio.
1291 1777 1352 1811 sed
1377 1778 1464 1811 bene
1488 1777 1626 1813 habet
1616 1792 1728 1825 impe*

912 1828 978 1854 rat.
1014 1823 1105 1867 perf.
1140 1834 1229 1867 pass
1243 1848 1253 1865 ‚
1267 1824 1349 1878 qui
1382 1824 1483 1858 medii
1520 1830 1725 1869 potestatem

911 1866 1044 1909 induit,
1068 1868 1170 1911 λέξο,
1197 1876 1237 1903 ut
1263 1882 1352 1914 ορσο
1377 1869 1423 1915 η’,
1449 1869 1535 1912 342,
1562 1873 1653 1917 quod
1676 1873 1726 1907 si-

910 1914 1039 1967 milit-er
1069 1914 1157 1949 dixit
1189 1914 1296 1959 ὄρσεο
1329 1916 1379 1959 ζ’,
1402 1897 1482 1953 255.
1515 1922 1551 1951 et
1562 1884 1680 1960 qalias,
1707 1931 1726 1955 ε

909 1959 1069 2002 immisso,
1092 1962 1210 1996 Ionum
1234 1973 1339 1997 more.
1361 1983 1403 1988 —
1436 1962 1534 2008 ἄορ.
1563 1962 1616 2006 θ’,
1641 1967 1722 2008 403,

908 2005 949 2038 ll.
977 2005 1035 2050 φ,
1059 1986 1129 2042 91⁴73
1152 2016 1217 2041 etc.
1240 2028 1281 2033 —
1309 2008 1517 2066 ἒπήϊξα,
1547 2007 1663 2046 ὥστε
1687 2026 1720 2047 κ.

907 2063 944 2094 μ.
988 2055 1027 2086 Α.
1053 2054 1086 2088 3.
1111 2059 1146 2087 et
1169 2055 1221 2088 4:
1249 2052 1396 2100 ε’πήὶξ’,
1423 2054 1515 2091 ὥστε
1539 2058 1722 2094 κατακτά-

906 2109 1015 2140 μεναι
1037 2112 1100 2143 μ.
1134 2100 1225 2145 quod
1249 2102 1343 2147 sapit
1367 2103 1613 2138 correctionem
1643 2105 1721 2138 Me-

906 2144 1006 2186 trici‚
1039 2157 1137 2190 quem
1169 2146 1284 2181 hiatus
1316 2149 1423 2194 paulo
1457 2150 1577 2185 durior
1609 2151 1721 2186 offen-

906 2191 977 2223 diss
981 2172 1024 2224 e⁷t.
1062 2201 1107 2224 V.
1120 2193 1202 2227 263.

950 2237 1031 2272 325.
1116 2240 1241 2280 ,170
1268 2237 1309 2282 ξ’.

951 2283 1074 2318 327-
1080 2249 1163 2319 335.
1202 2283 1363 2331 ου’δεγ
1342 2300 1352 2309 ’
1375 2285 1430 2331 ἀρ
1456 2286 1579 2324 οὐδέ.
1612 2299 1644 2322 V.
1664 2287 1719 2329 θ’,

904 2328 971 2369 32,
1004 2329 1044 2364 ΙΙ.
1078 2328 1127 2371 ζ’,
1161 2333 1229 2366 130
1252 2338 1318 2366 etc.
1351 2352 1396 2358 —
1439 2334 1719 2377 ἀμείψεται.

904 2370 1124 2419 ἀμείψηται,
1148 2375 1305 2422 ἀμείψῃ,
1322 2382 1565 2416 transmiserit.
1583 2403 1627 2408 ——
1655 2396 1720 2426 ερ-

903 2433 986 2462 νος
1009 2420 1077 2457 οδ
1124 2433 1158 2457 v-
1182 2424 1222 2457 ll.
1250 2425 1303 2464 δ’,
1330 2427 1400 2460 350
1421 2434 1487 2462 etc.
1514 2446 1560 2452 -—
1601 2428 1719 2462 Harl..

905 2468 982 2503 σοὶ
1017 2468 1067 2504 δέ
1097 2482 1182 2509 τις.
1217 2467 1237 2504 ὁ
1263 2471 1447 2514 Σιδώνιός
1481 2485 1595 2518 φησιν
1627 2472 1720 2509 α’θε-

905 2517 1053 2550 τεῖσθαι
1069 2513 1136 2551 τὸν
1158 2517 1292 2560 στίχον.
1331 2519 1469 2553 suerunt
1491 2519 1633 2558 scilicet,
1659 2521 1718 2565 qui

904 2561 946 2595 ad
974 2561 1088 2594 vivum
1114 2569 1312 2598 resecarent
1329 2565 1413 2598 haec
1430 2566 1550 2605 verba,
1574 2578 1638 2599 nec
1659 2567 1718 2600 mi-

902 2607 1043 2641 randum
1063 2607 1188 2642 Circae
1212 2621 1289 2644 esse
1312 2610 1467 2645 dicerent
1490 2611 1628 2654 Ulyssis
1652 2613 1719 2648 νό-

903 2666 946 2688 ον
964 2651 1162 2708 ἀκήλητον,
1185 2667 1259 2689 cum
1282 2668 1325 2690 ne
1340 2657 1424 2690 socii
1446 2657 1583 2703 quidem
1604 2663 1718 2692 trans-

903 2701 1038 2734 formati
1063 2701 1283 2736 insaniissent
1307 2702 1425 2746 (240).
1474 2703 1598 2747 quibus
1623 2704 1715 2740 haud

901 2747 988 2780 male
1012 2747 1199 2791 respondet
1223 2750 1295 2782 Αιιι.
1323 2749 1386 2789 Q,
1417 2751 1716 2793 περιφραστικαῐς

901 2792 1028 2826 dictum
1053 2804 1128 2827 esse
1153 2792 1212 2827 σοὶ
1235 2813 1279 2819 -
1305 2792 1403 2829 ἐστὶν
1436 2806 1497 2839 pro
1531 2795 1714 2840 α’κήλητος

902 2837 957 2874 εἷ,
981 2838 1077 2872 uncis
1101 2844 1215 2873 tamen
1240 2839 1378 2874 inclusit
1399 2842 1457 2875 W.
1490 2841 1578 2877 idem
1594 2842 1711 2899 Schql.

902 2891 939 2919 et
955 2886 1026 2918 Am
1040 2885 1102 2918 B.·
1130 2883 1380 2940 ἀκήλητος.
1406 2885 1600 2942 ἅθελκτος,
1619 2887 1712 2925 οἶκοί-

899 2944 1034 2972 κωτος,
1081 2929 1394 2990 ἀκατάκλαστος,
1419 2930 1708 2995 ἀυεξαπάτητος.

900 2980 984 3023 Ape
1008 2975 1246 3024 ἀμετάβολος.
1276 2998 1322 3005 -
1366 2993 1389 3025 η
1423 2980 1526 3027 σύγ’
1547 2979 1637 3018 Ὀδ.
1662 3002 1699 3008 -

1338 2242 1404 2275 187
1429 2245 1497 2276 etc.
