1856 3282
106 166 186 204 1915

733 164 1128 204 ΟΜΗΡΟΥ

273 267 385 313 εἷσεν
414 271 460 314 ἇὲ
489 271 670 327 Σχερίῃ,
701 270 800 321 ἑκὰς
831 247 1008 326 ἀνδρῶν
1036 249 1311 328 ἀλφηστάων,

273 327 386 397 ἀμφὶ
417 328 464 370 δὲ
471 333 627 396 τεῖχος
657 328 807 370 ἔλασσε
835 327 979 375 πόλει,
1009 333 1082 371 καὶ
1113 330 1306 383 ἐδείματο
1338 330 1497 383 οἴκους,

195 390 244 426 10

275 384 347 426 καὶ
357 382 509 454 νηοὺς
539 386 692 439 ποίησε
721 387 856 434 θεῶν,
888 386 962 427 καὶ
990 384 1194 428 ἐδάσσατ’
1224 385 1425 439 ἀρούρας.

271 437 369 482 ἀλλ’
400 439 422 482 ὁ
454 440 533 495 μὲν
562 440 644 495 ἤδη
674 440 772 498 κηρὶ
802 441 950 494 δαμεὶς
967 441 1166 484 Ἀἰὀόσδε
1197 441 1387 497 βεβήκει·

266 495 486 546 Ἀλκίνοος
516 495 561 538 δε
591 496 680 538 τότ’
711 500 833 549 ἡρχε,
864 501 982 539 θεῶν
1012 497 1097 540 ἄπο
1128 496 1264 552 μήδεα
1295 497 1429 548 εἰδώς.

269 555 349 594 τοῦ
380 552 458 606 μὲν
488 551 563 607 ἔβη
594 552 702 604 πρὸς
731 554 855 605 δῶμα
884 552 967 596 θεοὶ
995 556 1243 608 γλαυκῶπις
1271 553 1446 610 Ἀθήνη,

269 606 430 650 Ιιόστον
456 607 665 661 Ὀδυσσῆι·
692 595 951 663 μεγαλήτορι
980 610 1215 664 μητιόωσα.

272 667 327 720 βῆ
358 661 400 706 6’
430 665 527 718 ἰμεν
552 664 595 713 ἐς
623 663 826 718 θάλαμον
857 667 1206 717 πολυδαίδαλον,
1238 666 1271 722 ᾧ
1300 664 1362 708 ἔνι
1391 663 1529 721 κούρη

193 670 241 708 15

1255 659 1273 677 0-

270 719 459 774 κοιμᾶτ’,
489 719 739 775 α’θανάτῃσι
768 721 888 777 φυὴν
917 724 989 765 καὶ
1015 721 1130 772 εἶδος
1160 698 1303 792 ὁμοίῃ,

271 775 525 826 Ναυσικάα,
555 777 755 831 θυγάτηρ
785 777 1079 834 μεγαλήτορος
1104 777 1361 821 Ἀλκινόοιο·

269 848 359 885 παρ
391 832 437 874 δὲ
467 831 540 875 δύ’
570 832 838 887 ἀμφίπολοι,
871 837 1074 889 Χαρίτων
1106 834 1192 878 ἄπο
1221 833 1380 884 κάλλος
1414 833 1601 888 ἔχουσαι,

269 892 503 943 σταθμοῖιν
532 887 760 946 ἑκάτερθε·
791 889 929 946 θύραι
957 891 998 935 δ’
1030 891 1248 935 ἐπέκειντο
1282 893 1471 947 φαειναί.

147 1036 180 1071 8.
227 1035 328 1080 vulgo
362 1035 459 1070 libri:
493 1036 588 1072 εἷσεν
622 1035 657 1072 δ’
692 1037 731 1075 ἐν
755 1040 902 1085 Σχερίῃ.

100 1081 162 1114 sed
195 1081 291 1114 Harl.
322 1087 359 1115 et
382 1082 448 1116 H.=
482 1082 614 1118 εἷσεν
645 1082 683 1119 δ’
710 1085 757 1121 ἐν
782 1087 903 1142 (scrib.

101 1125 181 1169 δέ.)
204 1128 404 1183 Σχερίῃ.
443 1125 510 1171 ἔξω
542 1131 610 1164 τοῦ
634 1144 656 1165 ν
685 1132 805 1175 (scrib.
839 1134 904 1176 τῆς

101 1172 173 1215 ἐν.)
204 1169 477 1218 Ἀριστάρχειοι,
512 1173 579 1219 οὐχ
612 1174 662 1217 ὥς
694 1191 815 1232 faves,
860 1178 904 1212 ἐν

100 1221 290 1263 Σχερίῃ.
330 1220 398 1253 noli
431 1220 610 1262 dubitare,
647 1223 726 1266 quin
766 1225 830 1257 hoc
853 1224 903 1258 illi

101 1264 287 1297 voluerint.
320 1264 455 1308 ineptus
484 1267 571 1300 enim
604 1267 728 1303 suisset
751 1271 903 1303 Aristar-

100 1312 215 1350 chus,
260 1309 290 1343 si
341 1311 425 1344 nihil
470 1311 536 1345 nisi
579 1311 652 1347 εἷσε
693 1314 901 1368 scripsisset,

100 1362 265 1398 usurpata
305 1356 443 1390 licentia
479 1363 621 1401 praeter
652 1360 901 1395 necessitatem.

100 1404 166 1435 imo
191 1401 330 1446 scripsit
353 1402 410 1435 ille
435 1403 589 1436 criticus
617 1407 750 1451 Σχερίῃ
778 1418 838 1450 pro
864 1406 903 1442 ἐν

100 1450 219 1491 Σχιρη
235 1452 269 1479 et
282 1447 388 1480 vitato
402 1448 685 1490 homoeoteleuto
710 1458 744 1485 et
756 1453 903 1497 eleganti

102 1505 165 1526 usu
177 1492 300 1534 dativi,
327 1494 369 1526 de
385 1505 450 1537 quo
467 1506 530 1527 usu
549 1507 582 1528 v.
597 1496 739 1531 inferius
754 1499 826 1539 162,
843 1499 904 1532 Ja-

100 1540 194 1572 cobs.
235 1550 313 1572 ann.
350 1539 392 1571 ad
426 1542 561 1574 Anthol.
604 1543 715 1577 Paiat.

101 1584 227 1619 matth.
260 1586 293 1625 ς.
325 1584 418 1624 405„

101 1630 177 1665 Aul.
209 1631 287 1666 685.

99 1674 346 1729 Ἀρίσταρχος·
394 1674 523 1712 εἷσεν
558 1675 598 1712 δ’
632 1678 680 1714 ἐν
723 1682 904 1736 σχεδίῃ.

102 1722 280 1756 annotavit
304 1722 490 1764 Porsonus,
514 1725 550 1757 in
575 1725 671 1758 Harl.
696 1726 739 1759 ad
764 1725 800 1768 ι’,
825 1729 906 1762 345.

100 1768 172 1811 legi
197 1766 268 1802 εἷσε
300 1766 339 1802 δὲ
364 1769 511 1814 Σχερίῃ,
553 1770 612 1803 ubi
635 1770 706 1806 εἱσε
729 1772 820 1805 haud
843 1774 906 1806 du-

101 1814 158 1847 bio
181 1813 344 1858 scriptum
370 1820 424 1847 est
447 1827 509 1860 pro
533 1814 639 1851 εἷσεν.
654 1835 698 1842 -
723 1815 910 1863 ἀνδρῶν

102 1860 206 1903 ἀλφ.
241 1859 287 1900 α’,
310 1860 390 1894 349.

147 1905 686 1961 9‚10.A1n.Q‚H.,sch.·

463 1597 526 1619 nos
551 1587 595 1620 ad
630 1547 905 1634 ΕυιΙρΡἿιιιῗὶῗζ.

320 1631 437 1680 pejus
451 1632 553 1665 etiam
583 1635 654 1666 Am.
693 1635 737 1675 Q.
774 1639 806 1668 et
838 1636 906 1669 Ε.

720 1908 743 1944 ά
824 1910 906 1946 ι·-

104 1949 277 1986 ἔλασσε.
316 1945 400 1994 ἦτοι
430 1950 624 2009 περιέτεινε
650 1955 740 1997 (Αιιι.
751 1923 814 1996 ⁴1th
839 1969 906 1991 πε-

102 1996 330 2040 ριετείχισε),
355 1998 576 2042 περιέβαλεν.
602 1996 625 2043 ἡ
648 2000 688 2035 oe
711 2001 907 2059 μεταφοροὶ

103 2043 177 2078 άπὸ
203 2042 269 2077 τοῦ
295 2041 542 2086 ἐλαυνομένου
575 2046 750 2100 σιδήρου,
782 2047 819 2103 ἢ
832 2047 906 2085 ἀπὸ

102 2090 173 2124 τοῦ
196 2087 345 2130 ἐλάσαι,
378 2088 399 2124 ὅ
431 2088 505 2125 ἐστι
536 2092 652 2147 πῆξαι
685 2109 718 2130 κ.
752 2093 905 2137 σκάψαι

103 2135 187 2170 ιιπίιε
212 2135 266 2167 E:
307 2153 351 2159 —
369 2135 585 2193 μετενεχθεν
611 2139 685 2174 απὸ
709 2144 776 2176 τοῦ
801 2142 905 2177 ἐλαυ-

104 2194 193 2223 νομε
179 2180 265 2214 ἔνου
289 2181 417 2223 ἵππου,
437 2184 484 2226 (ί)
512 2180 533 2227 ἢ
559 2184 723 2229 σιδήρου.
749 2208 793 2212 -
827 2187 905 2223 καὶ

103 2226 254 2271 νηούς
300 2230 475 2271 ποίησε
512 2232 654 2266 θεων.
696 2234 907 2287 templorum

105 2285 170 2307 non
195 2273 245 2306 ita
279 2273 438 2316 frequens
473 2276 595 2309 mentio
621 2282 673 2310 est
695 2279 729 2311 in
757 2281 787 2312 Ιιι
783 2292 808 2312 ιε
831 2292 909 2313 car-

103 2318 260 2358 ιιιὶιιὶιιιι5,
289 2320 487 2362 praesertim
508 2333 562 2366 ap.
583 2323 760 2366 Graecos;
784 2337 908 2359 memo-

104 2370 203 2398 ratur
241 2370 352 2397 tamen
387 2365 565 2400 Minervae
597 2371 777 2414 templum,
819 2371 908 2416 quod

105 2409 248 2444 Athenis
283 2409 368 2451 suit,
404 2411 443 2444 ΙΙ.
455 2412 519 2467 β’,
552 2414 643 2455 549,
675 2423 711 2448 et
741 2418 907 2460 Apollinis

104 2454 267 2508 Delphici
291 2455 415 2490 ibidem
440 2456 475 2497 ι’,
499 2460 591 2500 404.,
621 2466 655 2494 et
677 2461 775 2495 Jovis
792 2463 909 2496 Dodo-

105 2501 183 2534 naei
206 2501 243 2534 Il
269 2499 317 2542 π’,
341 2503 422 2538 233.
449 2504 495 2537 cf.
515 2503 562 2546 μ’,
580 2506 686 2541 345-
695 2507 773 2542 347.
799 2510 909 2542 Phae-

106 2558 201 2580 acum
227 2546 360 2590 quidem
384 2559 458 2582 cum
483 2549 548 2583 alia
576 2552 701 2596 templa
726 2554 822 2595 dicit,
838 2560 907 2587 tum

106 2592 265 2636 Neptuni
299 2593 441 2635 (266),
482 2596 538 2639 qui
572 2597 656 2630 deus
690 2606 811 2634 auctor
835 2601 908 2644 ejus

106 2638 220 2680 gentis
245 2606 502 2680 perhibelatur.
527 2641 582 2675 Ν.
616 2643 759 2685 „Sowie
783 2647 909 2690 gewiss

107 2683 186 2717 kein
223 2683 315 2716 {iaus
346 2686 495 2729 gebauet
526 2689 666 2729 wurde,
709 2693 797 2725 ohne
831 2692 910 2725 dass

108 2730 171 2762 der
195 2742 331 2771 ερκειος
354 2731 443 2774 (Od
466 2733 523 2773 22,
547 2733 648 2778 335.)
672 2736 786 2769 seinen
810 2737 910 2770 Altar

107 2774 247 2816 bekann,
278 2787 315 2809 so
351 2776 473 2810 wurde
504 2757 672 2813 ilaliirlich
714 2783 800 2815 auch
834 2782 909 2816 dem

109 2820 261 2853 Staium·
285 2822 369 2855 oder
392 2823 592 2867 Stadtgotte
624 2825 658 2858 in
683 2827 777 2860 einer
801 2839 908 2861 neuen

108 2865 213 2898 stadt
236 2867 421 2911 Wohnuug
443 2871 612 2912 gemacht.
659 2872 746 2906 Hier
766 2873 817 2906 bd
843 2874 909 2907 den

109 2909 271 2944 Ριιὲἰειιωιι
300 2914 372 2946 also
407 2915 519 2948 finden
556 2917 621 2949 wir
654 2917 908 2961 ιιοιιριεέὶοιιιίοιι

109 2955 206 2989 einen
233 2958 375 3003 Tempel
402 2959 461 2992 des
487 2961 666 2999 Poseidon.
715 2965 798 2998 Dies
824 2965 908 2998 anes

109 3001 192 3036 aber
209 3014 395 3038 zusammen
411 3005 471 3039 mit
487 3008 548 3040 der
568 3008 710 3044 weitern
728 3010 908 3045 Be'schrei-

949 1040 1043 1084 bung
1074 1039 1137 1074 der
1174 1039 1431 1074 Phaakenstadt
1464 1038 1604 1083 (262-
1560 1036 1680 1076 —369
1714 1036 1750 1075 72

949 1084 995 1121 43
1008 1105 1047 1111 -
1059 1086 1135 1129 45.)
1159 1088 1271 1120 macht
1290 1086 1475 1129 allerdings
1493 1084 1559 1117 den
1576 1082 1750 1116 Eindruck

949 1132 1011 1165 des
1029 1132 1329 1174 Neustfidcischen‚
1352 1131 1419 1165 wie
1433 1132 1479 1163 W
1482 1131 1655 1164 achsmuth
1666 1130 1751 1163 Hel-

949 1177 1016 1212 lm
1041 1178 1186 1211 Alterth.
1212 1180 1254 1219 1.,
1280 1180 1310 1212 1.
1333 1178 1370 1210 S.
1398 1179 1464 1212 100
1487 1176 1658 1217 bemerkt,
1683 1176 1750 1209 und

949 1223 1142 1265 begriindet
1175 1223 1237 1256 das
1260 1222 1417 1264 Urtheil,
1451 1222 1530 1255 dass
1555 1223 1652 1255 Hom.
1675 1221 1749 1255 hier

947 1269 1188 1307 nachbildete,
1212 1280 1286 1301 was
1309 1280 1345 1302 er
1369 1269 1403 1300 in
1428 1267 1495 1300 den
1518 1260 1665 1300 Siadten
1685 1268 1753 1300 Ae-

949 1313 1055 1346 oliens
1081 1314 1149 1346 und
1173 1313 1308 1346 Ioniens
1333 1313 1499 1357 gesehnfl
1520 1329 1566 1339 ·—·
1589 1314 1665 1348 καὶ
1689 1311 1751 1347 ἐδ.

948 1356 972 1392 ά
986 1371 1005 1401 ρ
1019 1358 1068 1393 ού
1080 1373 1100 1403 ρ
1112 1370 1162 1398 ας
1177 1382 1187 1401 ,
1213 1365 1247 1392 et
1271 1360 1390 1393 divisit
1405 1370 1530 1404 agros,
1551 1358 1630 1402 jure
1652 1359 1752 1392 here-

950 1405 1094 1446 ditario,
1129 1410 1165 1438 ut
1198 1405 1367 1448 conjicere
1397 1405 1490 1438 licet.
1533 1404 1635 1438 aliter
1665 1405 1753 1438 aliae

950 1459 1090 1494 gentes:
1125 1462 1169 1491 v.‚
1203 1451 1363 1484 laudante
1388 1451 1447 1492 N„
1483 1444 1613 1484 Caesar
1644 1450 1687 1484 de
1710 1451 1751 1485 Β,

951 1498 997 1529 G.
1028 1499 1062 1536 6,
1087 1498 1156 1537 22„
1179 1496 1324 1530 Tacitus
1349 1497 1467 1530 Germ.
1484 1496 1554 1535 26..
1589 1496 1750 1530 Eustath.

952 1542 995 1576 ad
1019 1542 1161 1586 Dionys.
1195 1543 1332 1586 Perieg.
1357 1543 1414 1578 97.
1446 1542 1681 1576 Andromache
1711 1543 1756 1576 do

953 1589 1036 1621 orbo
1070 1579 1162 1630 filio,
1198 1588 1239 1621 ΙΙ.
1264 1589 1316 1631 χ’,
1340 1589 1443 1623 489.=
1484 1587 1588 1622 αλλοι
1619 1586 1690 1632 γάρ
1714 1587 1752 1622 οὶ

953 1631 1231 1687 άπουρήσουσιν
1254 1635 1308 1678 (Ιι.
1335 1646 1366 1669 e.
1391 1631 1685 1680 οἷφαιρήσουσιν)
1710 1631 1750 1668 ά-

951 1678 1123 1769 ρούραςγ

1000 1729 1054 1760 11.
1125 1724 1249 1765 4,10.

1000 1773 1096 1806 12-
1108 1773 1164 1807 23.
1211 1771 1336 1805 θεῶν
1369 1769 1481 1812 ἄπο,
1517 1772 1621 1806 θεων
1642 1769 1756 1816 πάρα,

953 1821 991 1851 ut
1025 1820 1199 1860 Χαρίτων
1221 1815 1296 1852 ἄπο
1319 1816 1448 1857 κάλλος
1478 1816 1626 1861 ἔχουσαι
1653 1819 1707 1855 18.

953 1864 1020 1897 diis
1047 1865 1188 1896 consilia
1212 1863 1341 1905 doctus,
1366 1863 1483 1897 divina
1505 1863 1683 1908 praeditus
1702 1875 1757 1898 sa-

952 1909 1104 1964 pientia3
1139 1909 1415 1954 quemadmodum
1431 1910 1575 1953 Ulysses
1599 1909 1667 1944 Διΐ
1685 1922 1757 1954 μ.-

951 1968 1010 1989 τιν
1033 1952 1236 1996 ἀτάλαντος
1267 1955 1462 2011 appellatur
1477 1956 1514 1988 ΙΙ.
1541 1955 1588 2002 β’,
1614 1957 1690 1991 169.
1709 1975 1753 1981 —-

952 1999 1233 2047 ἀθανάτῃσι
1267 2020 1311 2026 —
1357 1998 1518 2056 ὁμοίη.
1566 2001 1756 2057 descriptio

950 2059 1098 2081 summae
1136 2038 1387 2104 pulcritudinis.
1444 2045 1476 2081 6‘
1488 2073 1498 2087 ,
1545 2049 1607 2083 13·
1644 2042 1756 2083 παῖδ

951 2091 1142 2136 ἐρατεινήν
1161 2091 1383 2137 Ερμιόνην,
1410 2088 1435 2137 ἢ
1459 2091 1559 2133 εἶδος
1583 2092 1652 2150 ἔχε
1662 2107 1752 2150 χρυ-
1817 2103 1820 2108 ’

952 2142 1017 2195 σῆς
1054 2138 1266 2184 Ἀφροδίτης
1303 2145 1368 2172 etc.
1399 2159 1443 2163 —
1484 2138 1576 2180 ποιρ
1611 2137 1751 2175 620615'

953 2183 1011 2225 άμ
1027 2189 1238 2228 ‹pinel-oc.
1278 2185 1328 2218 sic
1351 2184 1450 2218 etiam
1477 2185 1668 2230 Penelopen
1692 2198 1753 2220 an-

953 2233 1053 2265 cillae
1076 2233 1164 2265 duae
1187 2230 1389 2265 comitantur
1413 2229 1460 2272 α’,
1482 2232 1574 2272 331.,
1606 2242 1668 2264 nec
1691 2243 1754 2265 un-

953 2289 1053 2323 quam
1067 2278 1160 2310 solae
1179 2282 1256 2310 sunt
1276 2275 1419 2310 feminae
1435 2277 1586 2319 nobiles3
1612 2276 1647 2310 id
1665 2278 1757 2321 qnod

953 2324 1075 2357 merito
1111 2323 1282 2367 indignum
1323 2322 1435 2355 videri
1467 2324 1554 2357 solet
1596 2324 1756 2366 gentibus

955 2370 1056 2426 paulo
1091 2368 1347 2402 humanioribus.
1373 2386 1420 2393 —-
1467 2370 1685 2412 Χαρίτων
1707 2388 1753 2393 --

953 2416 1164 2459 ἔχουσαι.
1202 2415 1234 2447 ιι.
1260 2427 1290 2448 e.
1315 2414 1394 2448 item
1420 2414 1677 2469 pulcherrimae,
1698 2413 1751 2447 di·

954 2472 1110 2505 gnaeque
1147 2460 1301 2493 ι’·ιιιιιιιειιί
1336 2461 1425 2504 apud
1450 2461 1550 2494 talem
1574 2459 1752 2494 dominam.

954 2507 1144 2540 habebatur
1163 2512 1272 2539 autem
1287 2506 1486 2540 Gratiarum
1502 2506 1635 2547 donum,
1653 2507 1753 2551 quid-

954 2552 1036 2597 quid
1070 2558 1244 2585 venustum
1277 2556 1338 2585 aut.
1369 2558 1504 2596 gratum
1538 2556 1632 2595 erat,
1665 2556 1753 2585 teste

956 2599 1107 2631 Pindaio
1133 2599 1269 2641 Olymp.
1295 2598 1349 2632 14.
1396 2615 1438 2625 --
1480 2600 1754 2641 σταθμοῖιν

955 2657 1026 2682 εκ.,
1058 2644 1104 2676 ad
1130 2650 1260 2687 postem
1290 2649 1483 2700 utramque
1501 2644 1635 2678 forium.
1679 2644 1749 2677 Am.

956 2692 1000 2730 Q.
1034 2692 1194 2731 σταθμοὶ
1234 2689 1399 2733 λέγονται
1439 2689 1486 2725 τά
1525 2688 1751 2746 εαατὲρωθεν

955 2737 1028 2770 τῶν
1065 2738 1195 2778 θυρῶν
1222 2734 1337 2776 ὄρθια
1360 2735 1472 2779 ξύλα,
1504 2736 1550 2770 τά
1574 2732 1751 2779 ἀνέχοντα

953 2782 1020 2822 τοὶς
1042 2782 1162 2839 φλιοές
1192 2794 1220 2815 v.
1242 2784 1343 2816 Scbn.
1360 2794 1394 2816 v.
1416 2779 1516 2827 φλιά.
1535 2801 1577 2806 -
1601 2782 1650 2814 E=
1671 2780 1753 2816 625·

954 2841 1031 2871 ραι
1064 2825 1104 2862 6’
1141 2827 1204 2863 ἐπ.
1258 2829 1470 2887 φαειναί.
1523 2825 1547 2862 δ’
1586 2825 1660 2862 ἔστι
1695 2840 1751 2862 κε-

953 2874 1156 2916 κλεισμέναι
1191 2871 1297 2919 ἦσαν.
1341 2873 1461 2919 ἐφάνη
1491 2872 1560 2917 γὰρ
1594 2869 1754 2918 ἀλλαχοῦ

955 2921 1011 2964 (ῘΙ
1037 2920 1074 2961 ε’,
1098 2922 1191 2962 751.,
1216 2923 1328 2955 ubiv.
1330 2918 1754 2977 ειιιιι.)α’νακλίνειν
1802 2939 1808 2950 υ

952 2966 994 3001 τό
1031 2964 1212 3025 ἀνοίγειν,
1245 2986 1290 2992 --
1314 2962 1344 3012 ᾦ
1367 2965 1579 3002 ἀκόλουθον
1602 2963 1660 3000 ἐπι
1684 2967 1751 3001 τοῦ
1801 2967 1825 2993 ¹7¹

951 3015 1081 3049 κλείειν
1113 3012 1156 3049 τὸ
1191 3001 1474 3050 ἐπικεῖσθαι
1511 3026 1544 3047 κ.
1582 3025 1622 3047 το
1656 3009 1749 3047 ἑπι-

1792 3225 1802 3282 Ι
1824 3232 1826 3282 Ξ
