1846 3282
529 108 1119 152 ΟΔῬΣΣΕΙΑΣ
1172 110 1229 150 Η.

205 216 364 272 ἦλυθ”

1610 114 1615 118 ”
1623 112 1710 153 235

372 217 477 291 ἐγω
508 217 549 263 δ’
581 218 810 264 ἀπάνευθε
839 219 1051 269 διϊπετέος
1080 223 1300 273 ποταμοῖο

90 277 180 324 285
209 274 358 347 ἐκβὰς
367 275 426 320 ἐν
443 275 656 330 θάμνοισι
684 278 985 348 κατέδραθον·
1018 274 1134 330 ἀμφὶ
1164 275 1210 318 δὲ
1243 274 1393 330 φύλλα

153 331 476 405 *ἠφυσάμηνῖ
499 333 647 377 ὕπνον
677 334 723 378 δὲ
750 332 857 384 θεὸς
884 330 985 376 κατ’
1015 331 1229 384 ἀπείρονα
1241 337 1402 391 χεῦεν.

211 390 322 432 ε’νθα
349 389 429 445 μὲν
458 389 506 433 ἐν
535 390 761 445 φύλλοισι,
792 391 928 462 φίλον
955 389 1204 459 τετιημένος
1230 392 1353 443 ἡτορ,

210 440 344 489 εὗδον
361 445 614 518 παννύχιος
643 448 718 491 καὶ
746 445 819 490 ἐπ’
844 445 932 502 ἠῶ,
967 447 1040 489 καὶ
1059 445 1204 515 μέσον
1231 452 1375 500 ημαρ·

211 501 372 546 δείλετό
401 502 443 545 τ’
474 502 643 575 ἠέλιος,
674 505 750 547 καί
777 518 829 557 με
856 501 1021 573 γλυζιὺς
1048 501 1190 552 ὕπνος
1220 501 1394 558 ἀνῆκεν.

97 563 182 605 290
212 557 491 614 ἀμφιπόλους
521 559 566 603 δ’
597 560 667 603 ἐπὶ
693 561 790 603 θινὶ
804 563 916 629 τεῆς
943 558 1104 614 ἐνόησα
1132 559 1359 614 θυγατρός

210 615 468 669 παιζούσας,
499 616 547 660 ἐν
576 615 618 660 δ’
650 613 758 671 αὐτὴ
788 616 900 686 ἔην,
915 617 1057 659 εἰκυῖα
1086 619 1231 669 θεῆσι.

209 672 290 727 τὴν
320 672 527 718 ἱκέτευσ’·
557 672 584 729 ἡ
615 673 656 716 δ’
692 672 790 716 οὔτι
817 671 1049 742 νοήματος
1068 670 1290 727 ἤμβροτεν
1320 672 1501 725 ἐσθλοῦ,

211 746 272 780 ως
302 729 386 773 οὐκ
415 731 471 774 ὀὲν
499 730 648 773 ἔλποιο
676 728 892 781 νεώτερον
922 727 1192 772 ἀντιάσαντα

210 786 410 842 ἐρξέμεν
445 787 527 830 αἰεὶ
555 785 640 840 γάρ
671 803 717 829 τε
744 786 953 838 νεώτεροι
982 784 1299 847 ἀφραδέουσιν.

95 843 228 888 295““
207 843 237 899 η’
265 860 343 896 μοι
372 848 493 886 σῖτον
522 844 684 888 ἔδωκεν
710 842 805 895 ἅλις
836 841 909 898 ἥδ’
942 844 1111 886 αἴθοπα
1141 848 1281 889 οἰνον,

209 901 282 943 καὶ
311 899 438 943 λοῦσ’
471 900 518 943 ἐν
545 903 750 969 ποταμῷ,
780 903 854 944 καί
883 916 961 970 μοι
989 899 1092 942 τάδε
1126 897 1268 954 εἰματ’
1301 897 1450 941 ἔδωκε.

200 954 348 1000 ταῦτά
376 973 468 1010 τοι,
500 955 741 1013 ἀχνύμενός
772 974 873 1012 περ,
905 955 1116 1013 ἀληθείην
1145 956 1396 1008 κατέλεξα(ι

257 1058 395 1094 miranti
427 1059 590 1103 Alcinoo,
627 1072 691 1096 cur
722 1061 883 1108 Ulyssem
924 1074 993 1099 non
1028 1060 1212 1098 adduxerit
1241 1069 1356 1094 secum
1382 1055 1579 1098 Nausicaa,
1611 1058 1714 1090 caute

177 1103 323 1151 Ulysses
346 1107 544 1151 respondet.

271 1172 361 1216 Τον
391 1174 434 1217 6’
467 1169 567 1218 αὖτ’
594 1173 810 1229 Ἀλκίνοος
827 1177 1127 1249 ἀπαμείβετο,
1156 1172 1366 1242 φώνησέν
1394 1186 1464 1215 τε·

212 1229 349 1281 ,,ξεῖν’
362 1263 372 1282 ,
402 1227 499 1285 ἦτοι
529 1231 607 1283 μὲν
632 1235 764 1278 τοῦτό
776 1234 838 1305 η”γ
871 1236 1098 1288 ἐναίσιμον
1128 1231 1210 1275 οὐῖι
1242 1228 1395 1286 ἐνόησε

95 1289 180 1330 300
211 1291 314 1336 παῖς
344 1287 441 1358 ἐμὴ,
473 1287 636 1331 οὕνεκά
666 1289 707 1334 σ’
741 1291 839 1335 οὔτι
870 1292 960 1347 μετ’
993 1275 1282 1358 ἀμφιπόλοισι
1311 1284 1514 1342 γυναιξὶν

208 1344 314 1400 ἦγεν
343 1343 387 1394 ἐς
416 1344 643 1399 ἡμέτερον·
676 1347 732 1391 σύ
764 1347 803 1392 δ’
837 1349 923 1402 ἀρα
952 1347 1129 1419 πρώτην
1161 1345 1418 1393 ἱκέτευσας-6

292 1399 384 1444 Τόν
414 1401 458 1445 δ’
489 1400 837 1462 ἀπαμειβόμενος
863 1405 1066 1462 προσέφη
1096 1402 1337 1459 πολύμητις
1364 1396 1627 1450 Ὀδυσσεύς·

37 1546 103 1584 τόν
121 1546 196 1583 ἔστι
211 1547 282 1583 τοῦ
304 1545 349 1590 ἐς
374 1548 523 1594 φρένα
544 1550 698 1594 θυμός
719 1551 850 1598 ἀγέρ-

35 1598 144 1653 θη,
158 1591 179 1640 ὃ
202 1595 474 1648 προγέγραπται
506 1596 563 1641 (ε’,
572 1598 709 1654 458.),
742 1601 853 1644 δηλοῖ

35 1640 77 1678 δὲ
104 1638 146 1676 τό
164 1641 334 1684 συνάγων
353 1644 413 1679 καὶ
433 1643 693 1688 ἀνακτώμενος
713 1646 849 1691 ψυχήν.

36 1689 121 1734 Ap.:
147 1685 405 1733 ἀνακτώμενος
427 1689 496 1734 τήν
518 1690 655 1735 ψυχήν.
688 1694 763 1727 Αιιι.
789 1694 848 1785 Q}

36 1735 80 1769 E.
115 1739 151 1766 et
185 1735 287 1768 Schn
322 1739 557 1781 λειποψυχῶν
588 1740 624 1782 (a
647 1741 789 1793 causa),

39 1779 305 1838 συλλαμβάνων
324 1797 356 1817 κ.
381 1782 562 1828 συνάγων,
579 1798 612 1819 κ.
632 1781 758 1820 (ivam.
781 1754 849 1828 τὴν

0 1836 3 1851 >
39 1835 84 1870 ψ.
127 1827 233 1861 simile
262 1826 503 1884 ὀλιγηπελέων
538 1829 585 1872 ε’,
611 1830 722 1913 457.ὃ
749 1837 787 1866 ut
811 1833 848 1867 N

0 1882 1 1905 ι
40 1873 186 1908 notavit.
209 1892 256 1898 —
292 1871 535 1922 ἀμβροσίη
569 1875 669 1918 νύξ.
744 1877 848 1922 ‚429

41 1924 109 1953 etc.
133 1938 174 1944 —
215 1920 465 1964 διϊπετέος
488 1937 584 1958 ποτ.
622 1922 676 1968 δ’,
698 1925 779 1961 477-
803 1943 850 1952 —·

40 1965 445 2010 θάμνοις-κατ.
478 1969 517 2013 ε’,
540 1970 621 2005 471.

87 2036 167 2070 286.
201 2032 357 2073 ν’πνσν
382 2035 628 2083 ἀπείρονα.
654 2051 766 2085 apage
782 2051 852 2074 ma-

42 2080 75 2115 le
108 2081 290 2116 ominatum
321 2087 484 2119 verbum!
525 2086 687 2129 απείρων
719 2087 852 2126 ὕπνος,

42 2129 196 2170 infinitus
218 2141 374 2175 somnus,
408 2132 574 2178 appellari
601 2137 717 2176 posset
741 2144 853 2172 mors3

42 2173 230 2228 longiorem
272 2187 357 2212 vero
392 2189 543 2212 somnum
590 2190 687 2213 nemo
727 2179 855 2212 dixerit

42 2216 232 2263 ἀπείρονα.
267 2234 430 2266 ponamus
450 2222 636 2269 ἀπήμονα.
669 2227 812 2260 confusa
831 2238 854 2268 η

43 2270 81 2300 et
104 2278 156 2307 ει,
179 2267 327 2313 itemque
344 2283 370 2314 μ
390 2277 426 2305 et
450 2284 494 2314 ρ,
519 2277 558 2305 ut
582 2271 754 2305 sexcentis
778 2271 854 2304 aliis

45 2311 80 2344 in
106 2313 207 2355 Ιοοίες
239 2326 305 2357 qua
331 2318 373 2351 de
401 2328 439 2351 re
464 2324 694 2363 exposuerunt
717 2318 854 2351 Jacobs.

47 2369 126 2391 ann.
151 2360 195 2392 ad
222 2362 495 2398 Anth01.Pa1at.
523 2370 558 2397 et
581 2365 740 2398 Schiiser.
771 2364 852 2398 Mei.

47 2404 125 2437 crit.
151 2415 184 2448 p.
213 2408 290 2440 112.
337 2409 377 2442 ΙΙ.
401 2409 442 2452 ξ’,
470 2411 567 2444 164.
593 2412 643 2456 τῷ
670 2409 706 2445 δ’
732 2407 854 2445 ν’πνον

46 2445 223 2493 α’πήμονά
247 2465 306 2495 τε,
334 2455 462 2498 λιαρόν
485 2469 541 2497 τε,
540 2447 668 2511 Χεύῃ
692 2455 749 2493 ἐπὶ
775 2458 856 2503 βλε-

48 2495 238 2541 φάροισιν.
285 2500 404 2544 putide
436 2503 488 2536 E:
533 2499 682 2539 ὕπνον
719 2501 856 2538 ἀπεί-

46 2555 161 2586 ρονα
193 2543 260 2579 τὸν
274 2547 419 2602 βαθιὶν
442 2548 550 2604 λέγει,
586 2564 617 2585 κ.
655 2549 718 2585 διά
741 2550 855 2605 1τοῦτο

46 2588 179 2632 πολυν,
205 2603 235 2623 n
263 2589 495 2636 ἀσύμμετρον
521 2593 570 2634 αῖς
590 2595 683 2639 πρὸς
710 2594 750 2631 τὸ
770 2597 856 2630 σύν·

46 2639 175 2718 Ξθες,
178 2637 276 2678 εἴπερ
294 2640 529 2696 νυχθήμερον
552 2639 639 2678 σ’λον
654 2641 859 2683 Ὀδυσσεύς

67 2681 232 2727 κοιμήθη
258 2690 324 2719 etc.
373 2688 479 2721 ceteri
502 2688 628 2724 Schou.
653 2695 788 2731 tacent·
815 2701 859 2723 ex

42 2741 116 2774 quo
148 2730 249 2763 conia
228 2742 311 2774 g‚as
347 2745 405 2767 eos
438 2745 632 2777 germanam
665 2747 806 2777 vocem,
839 2748 860 2769 a

49 2775 146 2809 uobis
176 2777 385 2821 repositam,
430 2779 565 2824 legisse.
590 2801 635 2806 —-
676 2779 859 2826 η’φυσοὶ-

48 2833 138 2866 μην
162 2822 290 2856 dictum
312 2831 365 2859 est
382 2826 577 2869 τροπικῶς,
601 2833 639 2860 ut
654 2827 692 2861 ΙΙ.
712 2827 756 2869 ν,
776 2830 859 2869 508,

48 2865 92 2909 ξ’,
111 2869 192 2909 517,
216 2868 261 2910 ρ’,
283 2871 363 2913 315,
390 2873 551 2927 quamvis
565 2873 631 2906 alio
653 2875 760 2908 modo.
793 2875 858 2909 Ha

50 2913 308 2961 ἐκεσπασάμην
321 2942 331 2959 ,
356 2917 638 2966 περιιβαλόμην.

93 2983 214 3021 287—
224 2986 304 3022 294.
354 2989 500 3034 φίλον
531 3000 622 3024 τετ.
650 2982 777 3035 ἦτορ.
810 2987 857 3032 α’,

900 1553 976 1590 114.
997 1571 1044 1578 --
1086 1551 1294 1586 δείλετο.
1332 1547 1384 1581 sic
1408 1547 1462 1588 E,
1486 1545 1608 1580 merito
1634 1557 1718 1590 pro-

895 1601 1000 1634 bante
1024 1600 1232 1632 Buttmanno
1265 1594 1466 1633 Lesi1.95‚
1493 1595 1546 1626 11.
1589 1593 1635 1625 cf.
1668 1592 1717 1626 N.

894 1645 1090 1680 Aristarchi
1115 1645 1201 1677 hanc
1225 1643 1434 1686 scripturam
1464 1639 1570 1672 fuisse
1595 1638 1719 1672 dicunt

896 1693 927 1725 E
959 1697 996 1726 et
1027 1691 1097 1732 H„
1134 1701 1200 1723 non
1235 1687 1465 1731 excogitatam
1484 1685 1636 1739 quidem
1672 1685 1718 1718 ab

895 1738 976 1779 illo,
1010 1737 1155 1781 opinor,
1189 1734 1249 1768 sed
1280 1738 1451 1777 repertam
1484 1730 1518 1764 in
1544 1731 1645 1765 codd.
1673 1742 1718 1764 en

894 1785 973 1864 ilgsa
1007 1785 1115 1816 verba
1140 1780 1264 1815 Critici
1297 1778 1519 1813 Alexandrini
1551 1789 1613 1834 ap·
1641 1778 1716 1812 Am.

983 1827 1152 1864 δύσετό
1181 1827 1304 1871 (scrib.
1330 1822 1540 1867 δείλετό)
1575 1821 1613 1858 τ’
1647 1821 1718 1881 η’ἐ-

895 1831 1011 1914 λὲιος
1048 1872 1068 1910 ό
1092 1875 1186 1911 ἐστιν
1210 1874 1262 1913 εἰς
1282 1873 1407 1916 δείλην
1433 1870 1604 1906 ἐκλίνετο.
1642 1868 1714 1927 πρὸ

896 1923 1047 1966 δυσμῶν
1081 1935 1152 1976 γαρ
1184 1918 1357 1962 συνέτυχε
1389 1919 1435 1961 τῇ
1460 1915 1663 1964 Ναυσικάᾳ
1694 1932 1714 1953 ο

893 1968 993 2010 Ὀδ.,
1020 1969 1090 2003 τοῦ
1116 1965 1221 2012 ἡλίου
1247 1965 1298 2010 μή
1326 1963 1548 2008 φθάσαντος
1573 1966 1626 2004 εἰς
1650 1962 1717 2000 τόν

898 2015 1051 2052 δυτικὸν
1088 2012 1280 2071 ορίζοντα,
1327 2009 1411 2045 ἀλλ’
1441 2009 1618 2055 ἐπέχοντα
1650 2007 1715 2055 ἐφ’

898 2060 1040 2098 ἱκανόν.
1088 2058 1148 2096 ὅτε
1173 2058 1242 2104 γάρ
1269 2057 1334 2093 ἔδυ
1361 2055 1380 2093 ὁ
1406 2055 1529 2100 ἥλιος,
1554 2057 1640 2093 τότε
1665 2058 1719 2098 εἰς

897 2109 942 2144 τὸ
978 2107 1088 2150 ἄλσος
1123 2107 1300 2150 ἔφθασαν
1331 2105 1396 2146 τῆς
1418 2103 1574 2148 Ἀθηνᾶς
1598 2100 1718 2146 οὗτοι,

901 2155 950 2195 ὠς
984 2154 1049 2189 καὶ
1090 2151 1109 2189 ὁ
1144 2166 1184 2188 π.
1218 2151 1289 2196 (ζ,
1320 2151 1445 2195 321)·
1479 2150 1646 2187 δύσετό
1680 2150 1717 2186 τ’

899 2199 1085 2246 ἠέλιος,
1127 2199 1208 2235 καὶ
1247 2197 1321 2233 τοὶ
1366 2196 1539 2233 κλυτόν
1576 2196 1721 2237 όῖλσος

901 2250 1086 2287 ι’κοντο,
1120 2260 1183 2281 και
1215 2243 1261 2279 τὰ
1293 2243 1416 2279 λοιπά.
1466 2245 1518 2278 E:
1553 2264 1598 2270 —
1624 2246 1658 2279 εἰ
1680 2243 1721 2280 δὲ

899 2293 942 2331 τὸ
968 2296 1155 2329 δείλετο
1192 2288 1381 2335 ἀσύνηθές
1405 2289 1524 2332 ἐστιν,
1561 2290 1652 2326 ἀλλὰ
1677 2290 1720 2326 τὸ

902 2338 1179 2383 δειελιήσας
1212 2337 1250 2374 ἐν
1283 2341 1364 2377 τοῖς
1387 2337 1479 2381 ueto}
1505 2339 1622 2373 ταῦτα
1658 2337 1723 2382 (ρ’,

901 2389 1008 2444 599)
1024 2391 1144 2421 κεῖται
1166 2381 1268 2427 παρὰ
1294 2385 1342 2429 τῷ
1368 2386 1519 2443 ποιητῇ.
1537 2404 1581 2409 -
1608 2385 1720 2419 idem:

902 2436 944 2471 τὸ
972 2432 1013 2468 ὸε
1038 2432 1144 2469 οὔτι
1168 2453 1213 2457 -
1237 2420 1418 2466 ἐσθλοῦ
1444 2445 1476 2467 κ.
1507 2430 1592 2475 ἑξῆς
1617 2431 1723 2466 ἔπαι-

902 2494 966 2520 νος
989 2491 1194 2523 προσωπου
1229 2478 1316 2513 νέου
1341 2477 1506 2512 συνετοῦ.
1556 2480 1628 2511 Αιιι.
1656 2478 1723 2512 Es

902 2526 1156 2572 ἤμβροτεν
1191 2522 1260 2567 (φ’,
1286 2525 1377 2564 421,
1407 2524 1446 2557 ΙΙ.
1473 2523 1518 2564 ε’,
1544 2525 1610 2558 237
1637 2525 1724 2569 etc)

903 2573 1094 2616 ἀπέτυχεν.
1146 2573 1342 2606 Buttmann.
1377 2571 1486 2603 Lexil.
1518 2571 1584 2609 34,
1607 2571 1641 2605 7
1678 2592 1724 2598 -.

906 2620 1080 2656 ε’λποιο.
1115 2620 1179 2652 H.:
1213 2617 1373 2655 ἔλποιτο,
1403 2616 1616 2660 quotinolim
1642 2629 1724 2672 pro·

907 2673 986 2713 pter
1021 2666 1226 2719 ambiguum.
1251 2683 1291 2688 -—
1336 2660 1651 2698 ἀντιάσαντα.
1687 2661 1725 2706 ε’,

910 2715 987 2748 193.
1020 2732 1066 2737 —-
1127 2707 1491 2765 ἀφραδέουσιν,
1536 2710 1724 2765 desipiunt.

906 2760 946 2793 ll.
973 2756 1009 2799 ι’,
1027 2761 1085 2794 32.
1128 2758 1180 2792 E:
1205 2755 1246 2791 τὸ
1273 2754 1312 2790 δὲ
1340 2754 1435 2790 αἰεὶ
1459 2753 1589 2791 νειότ.
1616 2752 1724 2801 ἀφρ.

903 2804 1144 2861 παράφρασίς
1179 2801 1253 2838 ἐστι
1285 2803 1350 2836 τοῦ
1387 2801 1487 2837 αἰει
1524 2799 1723 2838 ὁπλοτέ-

905 2849 1206 2907 pmv'oZv69c5v
1231 2844 1720 2894 φρένεςήερέθονται.

906 2903 1165 2979 (9929—307.
1202 2938 1479 2983 ἐναίσιμον.
1504 2939 1549 2987 β,
1576 2944 1718 2978 122etc.

911 3010 945 3017 -
977 2989 1090 3026 ουδ’
1118 2987 1218 3034 ἄρα.
1252 2985 1291 3024 δὲ
1317 2987 1464 3025 causale.
1491 3008 1534 3015 —
1575 2991 1647 3024 Αιιι.
1674 2989 1719 3031 Q.
