1856 3282
534 107 829 149 ΟΜΗΡΟΥ

882 108 967 150 ΟΔ
982 109 1300 151 ΥΣΣΕΙΑΣ
1355 110 1415 151 Ν.

321 217 462 261 πυκνὰ
492 217 732 276 ῥωγαλέην·
763 218 809 263 ἐν
839 217 884 262 δὲ
913 217 1107 276 στρόφος
1132 215 1211 276 ἦεν
1240 218 1416 276 ἀορτήρ.

150 352 228 385 νην.
278 340 457 397 στρόφο
471 355 502 383 ς.
545 341 852 387 συνεστραμμένος
884 342 943 377 δε-

148 386 260 428 σμός,
285 383 309 431 ἢ
333 387 386 426 εἰς
409 387 570 432 σχοινίον
585 387 833 445 ἑστρειιμένος,
858 385 883 432 ἢ
902 386 942 431 ἐξ

148 431 313 475 meinos.
359 430 541 491 ἀορτήρ
564 433 632 479 (λ’,
654 437 721 472 608
739 436 834 490 εἴα).
862 435 940 489 ’νῦν

146 478 167 513 ὁ
190 479 259 535 ἰῆς1
278 477 398 524 πήρας
419 479 568 537 δεσμὸς,
593 483 775 538 σχοινίον,
806 477 826 515 6
849 477 940 514 ἄνα-

146 523 303 569 φορεῦς,
327 524 364 568 ἐξ
388 520 433 560 οὗ
456 524 665 582 (ἐπήρτητο,
688 524 710 562 ὅ
732 524 806 560 ἔστι
828 538 938 567 παρε-

143 570 313 615 κρέματο.
348 573 419 605 Am.
435 572 494 606 B.:
520 571 710 617 ἀορτήρ.
733 584 822 614 οπερ
841 571 938 615 λέγο-

142 629 209 661 μεν
222 615 420 662 βαστάγιον
438 618 552 662 (quasi
571 618 664 653 dicas
676 618 741 651 den
753 620 919 672 Trdger)3

188 663 276 697 Addi
297 663 408 698 solent
430 663 510 697 huic
529 664 616 698 libro
641 675 761 698 versus
784 664 849 697 duo
869 663 939 708 pri-

142 708 185 742 mi
212 709 406 753 sequentis;
437 708 498 742 sed
530 715 625 744 recte
648 710 709 743 Β.·
744 710 874 750 „Duos
897 709 939 742 li-

141 754 196 788 bri
230 757 274 790 N
297 761 485 800 postremos
517 766 637 789 versus
668 754 767 789 velim
799 755 939 798 hujusne

141 799 244 845 (dicit
267 805 377 836 autem
400 798 474 844 14.)
505 800 630 845 primos
660 811 757 836 esse:
791 812 865 834 uam
889 799 939 834 sic

987 343 1099 400 aptius
1124 342 1253 377 omnino
1283 344 1548 378 collocabuntur.
1592 344 1726 379 Etenim
1741 343 1781 401 ἡ

985 389 1053 446 μὲν
1081 388 1144 435 ἔβη
1169 389 1367 423 sententiam
1391 389 1548 430 inchoat,
1581 390 1634 423 cui
1657 388 1777 435 αὐτὰρ

986 433 1006 469 ὁ
1031 438 1066 468 et
1087 435 1264 479 sequentia
1287 435 1466 468 clausulam
1484 434 1666 479 imponunt.
1697 436 1777 470 Non

984 485 1060 515 erat
1091 481 1196 524 igitur
1219 481 1398 514 membrum
1420 480 1609 513 sententiae
1636 481 1776 515 alterum

983 527 1026 559 ab
1051 527 1159 560 altero
1183 525 1414 560 divellendum.
1450 526 1489 559 Iu
1509 525 1674 570 prosaicis
1692 527 1778 561 scri-

983 572 1054 616 ptis
1084 571 1255 614 saepicule
1285 572 1433 627 capitum
1464 570 1697 605 distinctiones
1728 573 1776 606 sic

982 618 1074 651 inter
1105 615 1171 659 μὲν
1206 622 1241 651 et
1264 615 1303 650 δὲ
1336 616 1484 650 editores
1513 616 1603 650 aliud
1638 622 1777 661 agentes

983 663 1259 707 interposuerunt
1269 665 1292 682 “
1316 667 1381 696 etc.
1427 672 1488 695 nos
1504 673 1636 707 quoque
1652 664 1687 696 in
1712 664 1775 696 hoc

984 720 1050 742 non
1081 709 1182 743 semel
1214 709 1291 742 illos
1328 707 1615 751 reprehendimus.
1643 709 1777 761 itaque

984 765 1050 787 non
1085 755 1181 798 potui
1215 754 1295 800 quin
1330 753 1594 799 obtemperarem
1620 753 1694 788 viro
1718 754 1778 788 do-

985 799 1145 835 ctissime.
