1856 3282
126 143 206 181 168
754 142 1155 183 ΟΜΗΡΟΥ

295 248 323 303 η’
353 260 469 321 ‹5me
488 251 652 306 ἔπῶρσ’
683 250 843 303 ἄνεμόν
872 266 916 292 τε
945 251 1100 300 κακὸν,
1140 251 1211 293 καὶ
1242 249 1413 305 κύματα
1442 254 1597 308 μακρά.

187 311 266 349 110
297 306 419 359 [5’v6
449 306 572 350 α’λλοι
603 309 680 363 μὲν
709 308 866 356 πάντες
879 304 1154 375 άπέφθιθον
1186 307 1333 350 ἐσθλοὶ
1364 307 1551 362 ἑταῖροι,

294 363 373 404 τόν
408 363 448 406 δ’
485 364 571 416 ἄρα
602 363 722 415 δεῦρ’
756 361 913 434 ἄιεμός
944 378 988 405 τε
1020 362 1170 418 φέρων
1200 364 1273 405 καὶ
1303 367 1421 417 κῦμα
1451 365 1648 409 πέλασσε.
1661 369 1674 420 ]

295 418 373 488 vti’v
402 423 486 462 νῦν
518 420 561 463 6’
601 419 760 491 ηνώγει
793 416 1097 472 ἀποπεμπέμεν
1128 419 1219 461 ὅττι
1250 419 1448 472 τάχιστα·

297 474 352 518 οὐ
382 475 465 530 γάρ
495 478 537 519 οἱ
566 475 661 532 τῃδ’
696 480 798 518 acea
828 477 971 530 φίλων
1003 474 1256 528 ἀπονόσφιν
1287 475 1480 525 ὀλέσθαι,

295 529 389 574 ἀλλ’
421 531 482 576 ἔτι
519 534 562 575 οἷ
592 531 710 587 μοῖρ’
744 531 832 574 ἐστὶ
867 532 1026 586 φίλους
1055 531 1092 574 τ’
1126 531 1283 581 ἰδέειν,
1311 532 1384 574 καὶ
1414 533 1585 576 ἱκέσθαι

189 590 267 631 115
298 585 424 632 οἷκον
455 588 498 640 ἐς
526 587 766 644 ὑψόροφον
795 588 867 632 καὶ
899 587 975 642 ἑήν
1004 587 1047 638 ἐς
1076 590 1265 641 πατρίδα
1293 593 1437 643 γαῖαν.
1454 593 1481 612 “

347 690 471 734 quibus
499 690 626 724 auditis
651 691 812 724 cohorret
835 690 1003 734 nympha,
1028 697 1063 724 et
1087 691 1225 724 deorum
1255 690 1418 724 invidiam
1445 697 1608 734 accusat3
1645 705 1705 727 nec
1730 698 1781 728 ta-

268 746 341 769 men
367 747 526 770 recusare
550 737 654 770 audet
677 747 785 780 grave
809 735 998 780 imperium.

366 802 450 874 :¹529
480 803 618 859 φάτο·
652 803 826 875 ῥίγησεν
857 803 903 846 65
937 801 1159 854 Καλυψώ,
1191 804 1263 845 δῖα
1292 801 1454 856 θεάων,

302 859 376 901 καί
404 875 478 915 μιν
509 859 745 915 φωνήσασ’
778 859 880 902 ἔπεα
909 859 1144 912 πτερόεντα
1172 859 1426 931 προσηύδα·

379 915 616 985 ,,Σχὲτλιοί
645 917 757 965 ἐστε,
786 917 908 964 θεοὶ,
941 915 1170 985 ζηλήμονες
1200 917 1348 970 ἔξοχον
1377 914 1534 959 ἄλλων

302 971 391 1014 οῖ’τε
421 977 545 1023 θεαῖς
578 970 773 1044 άγάασθε
804 971 912 1025 παρ’
945 971 1155 1025 ἀνδράσιν
1184 971 1442 1024 εὐνάζεσθαι

192 1032 272 1072 120
302 1026 553 1099 άωμφαδίην,
580 1029 646 1100 ήν
675 1031 738 1079 τίς
767 1045 812 1072 τε
842 1031 974 1081 φίλον
1003 1027 1195 1097 ποιήσετ’
1228 1028 1430 1082 ἀκοίτην·

303 1083 364 1134 ὥς
394 1086 491 1139 μὲν,
523 1084 590 1128 ὅτ’
615 1084 797 1138 ὨρίὟων
830 1086 945 1129 ἕλετο
977 1083 1299 1153 ῥοδοδάκτυλος
1325 1083 1449 1135 Ἠώς,

254 1141 276 1168 *
298 1138 441 1195 τόφρα
473 1158 514 1185 οι
544 1140 741 1197 ἠγάασθε
773 1143 871 1185 θεοὶ
901 1143 995 1197 ῥεῖα
1026 1140 1219 1194 ζώοντες,

134 1301 172 1330 ta
199 1297 410 1332 redeuntium
436 1299 646 1334 Graecorum
674 1305 816 1334 enarrat
841 1299 936 1333 Mer-

134 1342 272 1385 curius,
307 1355 375 1378 non
405 1344 576 1379 distinctis
602 1347 809 1390 singulorum
837 1347 939 1379 rebus

134 1388 263 1432 gestis,
298 1389 414 1433 Ajacis
447 1391 571 1433 Locri,
605 1392 756 1425 Menelai
787 1396 824 1425 et
855 1392 942 1425 alio-

134 1445 220 1468 rum.
251 1447 363 1480 neque
387 1436 475 1469 enim
497 1448 610 1471 omnes
636 1443 708 1471 tum
733 1438 861 1472 Graeci
886 1438 941 1471 of-

134 1480 320 1514 fenderunt
339 1481 503 1516 Minerva
498 1495 539 1526 n,
565 1495 628 1518 nec
646 1483 783 1527 Ulyssis
806 1483 943 1516 inimica

135 1526 202 1559 fuit
225 1527 295 1568 illa,
319 1527 380 1560 sed
404 1528 533 1562 fautrix
559 1535 594 1562 et
618 1534 765 1574 patrona
788 1529 943 1563 maxima.

137 1572 372 1616 compendium
401 1574 538 1607 dicendi
560 1575 642 1608 illud
668 1575 781 1608 mirati
805 1577 877 1609 Am
898 1574 943 1614 Q.

137 1618 172 1650 H
215 1619 406 1653 confossum
443 1625 525 1653 eunt
565 1631 684 1654 versus
722 1621 944 1660 105—111..‚

137 1674 293 1707 quorum
292 1664 369 1698 duo
397 1671 585 1709 postremos
607 1668 651 1699 W
677 1666 809 1699 uncinis
832 1666 944 1699 inclu-

138 1708 196 1752 sit,
217 1708 320 1754 idque
337 1711 457 1744 merito
481 1717 516 1745 et
531 1712 621 1755 jure,
633 1716 671 1745 ut
689 1713 746 1756 qui
766 1723 785 1744 a
801 1723 944 1756 sequen—

138 1755 229 1788 tibus
247 1756 365 1800 (133.)
387 1757 642 1799 aberraverint3
668 1758 809 1801 reliquis
834 1764 944 1790 autem

138 1801 250 1834 careri
291 1801 364 1851 sing
405 1803 609 1837 detrimento
651 1803 843 1837 sententiae
878 1813 945 1835 non

139 1851 266 1891 potest.
291 1865 335 1872 ——
361 1848 458 1882 Harl.
485 1854 520 1883 et
544 1850 578 1882 H
604 1861 616 1902 ²,
635 1850 763 1894 τῇδε.
790 1847 828 1883 ἐν
856 1847 946 1882 ταύ-

139 1905 183 1937 τῃ
204 1893 250 1938 τῇ
267 1892 380 1948 νήσῳ.
395 1913 439 1918 ——
465 1893 764 1939 ἀπονόσφιν,
788 1906 949 1933 seorsum,

139 1939 270 1995 procul.
294 1952 338 1981 κ,
362 1941 443 1980 528,
466 1941 505 1974 Il.
535 1940 582 1982 α’,
605 1942 672 1977 541
696 1945 762 1975 etc.
787 1960 832 1966 —
857 1938 948 1975 ἀλλ’

140 1983 209 2018 ε’τι
233 2003 276 2010 -
299 1989 457 2030 γαῖαν.
481 1987 538 2028 41,
561 1987 618 2022 42.

189 2033 308 2065 116—
320 2033 396 2067 121.
445 2033 497 2066 E:
531 2032 736 2088 ῥίγησεν
758 2029 806 2066 δε
840 2034 951 2066 Καλ.

141 2073 200 2111 ὅτι
233 2073 427 2112 άκούσασα
457 2077 625 2122 Καλυψώ
651 2092 675 2113 α
701 2083 799 2113 εἶπεν
817 2075 953 2121 Ερμῆς

140 2121 309 2167 ἐρῤίγησε
332 2124 382 2169 μή
405 2137 494 2159 ποτε
511 2151 520 2167 ,
545 2125 658 2180 φασὶ,
685 2124 834 2169 κληθεὶς
858 2123 952 2167 ἀνὴρ

142 2168 260 2213 αὐτῆς
295 2169 510 2215 ἀναιρεθείη
534 2169 627 2214 πρὸς
651 2170 760 2213 Διὸς,
789 2171 851 2205 καὶ
877 2169 951 2204 θά-

142 2227 257 2250 νατον
292 2217 361 2251 τοῦ
395 2216 516 2273 γάμου
551 2216 774 2261 ἀλλάξῃ-ται,
812 2216 862 2257 ὥς
887 2215 949 2250 καὶ

143 2260 247 2297 ἄλλοι
271 2259 437 2304 ἔπαθον,
464 2276 530 2303 ους
554 2264 615 2298 καὶ
641 2262 950 2308 άπαριθμήσεται.

147 2327 189 2332 -—
222 2308 454 2353 σχέτλιοι,
476 2311 631 2354 impmbi.
679 2323 713 2345 v.
738 2321 814 2343 ann.
842 2309 884 2342 ad
909 2309 950 2342 ll.

146 2352 200 2399 β’,
225 2356 303 2390 112.
334 2375 372 2381 -
417 2357 697 2411 ζηλήμονες,
741 2354 949 2399 ζηλότυποι,

147 2412 216 2445 quo
240 2400 391 2445 pertinet
417 2400 585 2446 α’γάασθε
611 2401 675 2445 (6',
704 2403 824 2445 181),
849 2404 950 2445 φθο-

145 2449 263 2487 τεῖτε,
290 2452 327 2480 ut
351 2448 381 2480 E
405 2448 547 2483 notavit.
595 2449 704 2481 minus
739 2449 853 2492 placet
885 2448 954 2491 δη-

147 2490 323 2536 λήμονες,
357 2493 529 2537 scriptura
553 2494 761 2538 quorundam
791 2493 955 2533 codicum,

145 2550 247 2582 quam
272 2546 575 2573 commemorarunt
591 2540 828 2580 Schufiastae,
854 2551 895 2573 ex
915 2539 956 2572 ll.

146 2583 200 2625 ω’,
223 2585 293 2625 33.,
318 2585 451 2630 opinor,
479 2586 544 2618 huc
567 2585 746 2619 invectam.
768 2605 813 2611 —
836 2588 959 2625 θεαῖς,

148 2642 215 2663 non
231 2632 339 2675 θεῇς,
365 2642 385 2664 a
401 2630 487 2671 θεά,
513 2631 603 2676 quod
621 2643 781 2675 nusquam
801 2637 853 2664 est
871 2630 956 2674 θεη.

149 2687 180 2708 v.
192 2687 319 2720 ‚quos
352 2677 415 2710 hac
448 2676 492 2710 de
526 2688 564 2710 re
587 2677 740 2710 laudavit
765 2678 819 2717 N,
855 2678 957 2710 Butt-

148 2733 259 2755 mann.
284 2723 384 2766 Ausf.
415 2722 572 2767 Sprachl.
598 2725 629 2757 1.
657 2734 692 2767 p.
719 2721 819 2763 148„
853 2723 956 2755 &Ver-

148 2767 248 2801 nicke
271 2779 348 2802 ann.
373 2768 415 2802 ad
441 2769 492 2803 Tr
496 2767 633 2813 yphiod.
660 2779 693 2812 p.
723 2769 823 2809 108„
849 2769 956 2801 Gint-

149 2813 231 2856 ling.
257 2814 300 2847 ad
324 2814 825 2868 Aristot.P01it.p.343.—
873 2811 957 2856 άμ-

149 2860 363 2915 φαδίην,
400 2857 599 2904 ἀμφαδίην
623 2857 738 2903 ὁδὸν,
772 2870 837 2893 non
863 2857 957 2903 ἀμφ.

150 2903 282 2947 εὐνήν,
318 2910 356 2939 ut
379 2911 479 2950 putat
502 2907 557 2947 Ε,
590 2908 730 2960 palam,
769 2905 896 2950 quippe
920 2917 958 2939 re

151 2950 283 2984 minime
313 2951 493 2985 inhonesta
525 2951 753 2991 matrimonii,
793 2963 861 2997 quo
892 2951 958 2986 sibi

148 2997 292 3041 jungere
323 2997 482 3041 Ulyssem
517 2998 677 3044 cupiebat
710 2998 783 3031 dea.
816 3017 857 3022 ——
904 2994 959 3037 ὠς

984 1312 1106 1353 μεν,
1125 1296 1202 1334 ὅτε
1229 1319 1293 1338 -,
1328 1300 1444 1338 velut,
1479 1309 1554 1331 cum
1580 1317 1644 1332 -—.
1689 1298 1790 1334 codd.

985 1347 1060 1379 sere
1085 1340 1134 1386 ὡς
1160 1349 1195 1380 et
1218 1345 1250 1378 h.
1276 1345 1296 1378 l.
1309 1369 1320 1386 ,
1353 1350 1387 1379 et
1413 1345 1488 1380 125.
1500 1367 1510 1385 ‚
1538 1348 1572 1378 et
1598 1345 1674 1380 129.
1687 1370 1697 1386 ,
1731 1345 1789 1378 ubi

987 1404 1021 1426 v.
1040 1403 1117 1425 ann.
1151 1396 1250 1425 recte
1269 1393 1340 1424 Am.
1357 1391 1402 1431 Q.
1423 1390 1520 1424 etl-I.
1543 1392 1618 1425 121.
1637 1396 1672 1424 et
1691 1392 1789 1425 125.·
1841 1419 1844 1426 .

989 1434 1058 1479 ὡς,
1083 1438 1174 1482 quod
1193 1442 1227 1470 et
1243 1437 1403 1470 Nitschio
1422 1436 1565 1480 aliisque
1587 1436 1727 1480 placuit.
1745 1453 1792 1461 --
1842 1442 1843 1446 ’

991 1485 1034 1517 de
1069 1485 1194 1516 Orione
1231 1495 1264 1516 v.
1295 1483 1451 1527 inprimis
1484 1483 1598 1537 Heyn.
1631 1494 1706 1516 ann.
1748 1482 1792 1516 ad
1840 1486 1843 1498 ¹

990 1529 1146 1582 Apollod.
1174 1540 1206 1573 p.
1226 1529 1282 1562 21.
1307 1535 1342 1561 et
1365 1531 1421 1564 22.
1463 1528 1507 1561 cf.
1535 1526 1574 1567 λ’,
1599 1529 1687 1568 309,
1712 1529 1791 1564 571.

991 1581 1028 1608 et
1052 1575 1095 1608 de
1119 1574 1216 1628 signo
1248 1574 1436 1618 cognomini
1464 1573 1606 1607 inferius
1629 1573 1720 1615 274,
1751 1574 1793 1608 Il.
1840 1570 1843 1611 Ξ

1027 1620 1145 1662 ,486,
1170 1617 1212 1663 χ’,
1237 1621 1292 1653 29.
1318 1619 1450 1664 Hyriae
1472 1619 1506 1652 in
1526 1619 1669 1652 Boeotia
1692 1625 1794 1653 natus

990 1666 1118 1700 dicitur
1151 1666 1282 1708 Orion,
1325 1677 1391 1709 qua
1422 1666 1457 1699 in
1492 1670 1586 1698 terra
1619 1665 1794 1709 signorum

991 1705 1186 1745 coelestium
1211 1711 1396 1756 appellatio
1420 1712 1559 1745 inventa
1583 1717 1651 1753 est,
1676 1717 1715 1744 ut
1739 1723 1796 1745 re-
1838 1737 1842 1744 .

990 1759 1060 1792 fert
1083 1757 1128 1790 N.
1143 1782 1152 1798 ,
1178 1769 1276 1814 quem
1300 1757 1380 1790 vide
1405 1757 1507 1790 etiam
1533 1757 1625 1790 infra
1650 1758 1692 1791 ad
1713 1759 1794 1792 272.
1838 1767 1840 1771 ’

991 1823 1036 1829 -—
1074 1801 1145 1845 Ὀρ
1126 1804 1302 1858 τρυγίη.
1345 1802 1424 1835 Deli
1457 1813 1578 1836 nomen
1611 1803 1798 1848 antiquum,
1838 1810 1840 1838 t

992 1848 1082 1895 quod
1101 1850 1202 1882 etiam
1223 1847 1266 1887 ο’,
1271 1840 1358 1882 404.
1380 1849 1479 1882 Hom.
1501 1849 1692 1893 usurpavit,
1721 1849 1798 1883 Deli
1837 1877 1840 1887 ,

994 1900 1106 1929 autem
1135 1894 1175 1937 ζ’,
1198 1896 1274 1929 162.
1315 1894 1541 1949 Apollodorus
1569 1897 1610 1935 1,
1630 1895 1663 1928 4.
1687 1896 1719 1936 §.
1744 1897 1798 1930 3.

991 1939 1151 1983 Ὠρίωνα
1171 1939 1230 1975 δὲ’
1230 1940 1382 1983 Ἄρτεμις
1401 1938 1610 1975 ἀπέκτεινεν
1628 1939 1666 1976 ἐν
1677 1939 1798 1984 Δήλῳ.
1836 1959 1839 1991 5

995 1988 1131 2022 τοῦτον
1154 1988 1288 2032 γηγενῆ
1311 1986 1477 2031 λέγουσιν
1499 1984 1732 2042 νπερμεγέθη
1756 1986 1798 2022 τό
1836 1997 1838 2026 ζ,

999 2035 1105 2076 σῶμα
1138 2033 1207 2077 (λ’,
1234 2034 1352 2076 571.·)
1389 2031 1596 2076 Φερεκύδης
1620 2033 1660 2069 δὲ
1684 2032 1801 2069 αυτὸν
1835 2033 1838 2044 ’

999 2081 1234 2118 Ποσειδῶνος
1264 2093 1296 2114 κ.
1323 2076 1521 2122 Εὐρυάλης
1550 2079 1639 2122 λέγει
1662 2086 1728 2114 etc.
1753 2100 1799 2106 -
1835 2090 1840 2122 ,ι

998 2126 1348 2181 χρυσόθρονος.
1384 2125 1568 2181 epitheton
1579 2125 1730 2159 dearum.
1765 2137 1799 2161 v.
1836 2155 1837 2159 ,

996 2170 1524 2224 n,541‚11.a‘‚611etc.-
1548 2168 1684 2215 ἆγνὴ,
1709 2170 1800 2215 ἱερή,
1833 2191 1835 2194 -

996 2224 1139 2258 sancta,
1164 2217 1300 2258 divina,
1333 2216 1411 2250 item
1436 2217 1656 2273 Persephone
1680 2219 1801 2275 appel-
1832 2249 1835 2259 ,X

995 2265 1085 2298 latur
1109 2263 1150 2305 λ’,
1176 2265 1255 2298 385.
1286 2261 1337 2307 φ’,
1363 2264 1444 2298 258.
1484 2261 1590 2307 ἑορτὴ
1616 2260 1728 2307 ἁγνή,
1762 2268 1802 2297 ut
1832 2283 1835 2302 s

997 2311 1093 2353 ιεραι
1109 2309 1387 2354 ἓκατόμβαιθὶο.
1406 2328 1451 2334 -
1483 2308 1628 2351 ἕλετο,
1648 2311 1800 2351 abstulit,
1832 2329 1834 2343 ι

997 2369 1064 2391 non
1097 2355 1271 2400 5551',25ro
1304 2354 1557 2411 προέκρινεν,
1575 2363 1613 2390 ut
1637 2356 1667 2389 Ε
1691 2356 1802 2389 inter·
1831 2359 1834 2381 ἱ

997 2407 1167 2460 pretatur.
1213 2402 1251 2435 Il.
1277 2400 1325 2443 π’,
1343 2403 1397 2435 58.
1413 2414 1420 2434 =
1444 2401 1511 2446 τὴν
1536 2398 1590 2444 άψ
1613 2400 1652 2436 ἐκ
1671 2415 1803 2446 χειρων
1831 2416 1834 2419 ·

999 2447 1097 2483 ε’λετο
1122 2449 1252 2492 κρείων
1266 2422 1503 2492 Ἀγαμέμνων.
1541 2449 1585 2482 cf.
1606 2448 1646 2482 Il.
1670 2447 1705 2487 ι’,
1722 2450 1804 2490 368,
1830 2488 1832 2493 ,

1001 2506 1044 2536 σ,
1068 2492 1155 2534 445,
1181 2495 1310 2537 Od)ss.
1338 2494 1383 2535 δ’,
1405 2494 1483 2529 746.
1533 2495 1650 2528 Voss.:
1676 2496 1732 2535 So,
1757 2495 1804 2528 da
1829 2514 1832 2532 4

999 2541 1147 2586 gernum
1173 2541 1239 2573 den
1260 2542 1364 2573 Orion
1389 2541 1425 2573 di
1416 2553 1444 2574 -ε
1470 2541 1704 2578 rosenarmirre
1726 2541 1801 2573 Eos.
1829 2542 1831 2569 f

1049 2587 1125 2620 122.
1163 2598 1285 2619 *erem
1306 2599 1348 2620 ne
1373 2587 1429 2620 hic
1449 2586 1575 2641 aliquid
1600 2578 1805 2619 infuscatum
1828 2586 1831 2606 ³

1002 2631 1067 2665 sit.
1093 2643 1203 2675 neque
1223 2633 1308 2666 enim
1329 2634 1511 2666 trochaeus
1532 2629 1624 2676 (η’γά
1645 2632 1716 2674 -)
1735 2643 1805 2664 me-
1828 2620 1831 2660 l

1004 2678 1068 2711 diis
1088 2678 1273 2710 hexamerni
1299 2679 1381 2712 locis
1399 2680 1529 2718 fertur,
1554 2678 1662 2722 primo
1683 2678 1804 2711 fertur.
1827 2674 1830 2702 ἶ

1004 2735 1035 2758 v.
1060 2735 1135 2757 ann.
1164 2724 1205 2756 ad
1230 2724 1267 2757 ll.
1287 2723 1330 2761 α’.
1356 2726 1432 2760 193.
1467 2735 1586 2776 quare
1593 2723 1721 2756 malim:
1745 2722 1806 2758 τό·

1004 2782 1083 2812 φρα
1108 2765 1145 2803 6’
1176 2769 1258 2813 (δὲ,
1285 2768 1351 2814 δὴ)
1385 2770 1441 2812 οἱ,
1466 2770 1521 2803 vel
1543 2766 1667 2811 τόφρα
1691 2768 1732 2803 δέ
1757 2769 1806 2811 οἳ

1002 2813 1180 2859 ἀγάασθε.
1227 2822 1361 2861 raptum
1386 2816 1490 2850 suerit
1515 2821 1548 2850 A
1572 2816 1615 2848 ab
1641 2817 1667 2848 A
1693 2794 1829 2855 similit}

1004 2862 1095 2904 quod
1116 2862 1301 2896 antecedit.
1346 2861 1500 2905 τόφρα
1523 2858 1593 2896 65
1618 2861 1722 2894 donce
1741 2862 1827 2894 sci·
1824 2883 1835 2913 ¹=

1005 2907 1240 2947 1icet‚dictu1n
1261 2913 1314 2942 est
1331 2909 1470 2950 ironice,
1491 2913 1529 2941 ut
1549 2903 1653 2942 ον’δε
1673 2907 1749 2942 127.
1762 2925 1807 2931 —-

1005 2952 1025 2994 6
1036 2966 1051 2988 5
1043 2933 1186 3037 25:253&
1198 2968 1217 2989 ο
1228 2967 1248 2988 ν
1257 2968 1276 2989 τ
1287 2967 1302 2989 ε
1312 2967 1348 2996 ς,
1375 2956 1486 2997 facile
1509 2955 1678 2994 viventes,
1702 2952 1826 2987 beati.·
