1856 3282
161 142 241 181 124

326 248 386 300 τῷ
416 246 559 297 ἴκελος
587 245 747 290 κατέδυ
782 245 950 320 Τρώων
977 244 1121 287 πόλιν.

211 307 294 348 250
324 302 498 354 πάντες·
529 303 611 356 ἐγώ
644 303 690 345 δέ
719 319 794 357 μιν
823 305 894 356 οίη
926 300 1121 355 ἀνέγνων
1151 305 1273 342 τοῖον
1303 300 1444 351 ἐόντα,

320 361 396 401 καί
423 376 499 413 μιν
528 358 789 429 ἀνηρώτων·
819 357 842 400 6
875 358 920 400 δὲ
951 355 1194 410 κερδοσύνῃ
1225 355 1426 400 ἀλέεινεν.

320 413 420 458 ἀλλ’
447 415 518 459 ὅτε
548 416 601 470 δή
632 432 708 470 μιν
737 414 819 469 ἐγώ
848 413 978 457 λόεον
1006 413 1079 455 καὶ
1107 418 1233 467 χρῖον
1261 413 1429 482 ἐλαίῳ,

319 469 432 527 ἀμφὶ
463 473 509 515 δὲ
539 474 690 526 εἵματα
721 471 846 522 ἕ,σσα
874 471 948 513 καὶ
978 469 1131 537 ὤμοσα
1156 470 1370 522 καρτερὸν
1403 467 1551 522 ὅρκον,

317 528 375 582 μὴ
402 528 481 581 μὲν
508 530 613 582 πρὶν
639 527 831 579 Ὀδυσῆα
860 524 967 580 μετὰ
999 523 1188 581 Τρώεσσ’
1221 524 1458 596 ἀναφῆναι,

204 585 288 628 255
317 586 423 636 πρίν
452 600 500 637 γε
529 585 608 627 τόν
638 583 680 633 ἐς
708 583 818 638 νηοῖς
843 599 887 625 τε
917 582 1031 632 θοας
1060 583 1227 632 κλισίας
1257 581 1295 624 τ’
1329 580 1588 636 ἀφικέσθαι·

314 641 386 683 καὶ
417 641 513 683 τότε
544 641 597 696 δή
628 657 703 694 μοι
732 639 873 682 πάντα
902 638 1012 681 νόον
1039 639 1259 689 κατέλεξεν
1285 639 1475 693 Ἀχαιῶν.

312 697 501 746 πολλούς
533 697 580 765 ,δὲ
618 695 784 749 Τρώων
814 697 983 746 κτείνας
1009 694 1219 765 ταναήκεϊ
1245 699 1389 763 χαλκῶ

312 748 420 807 ἦλθε
449 751 541 807 μετ’
543 752 810 807 ’Ἀργείους’
839 751 949 795 κατὰ
980 751 1026 794 δὲ
1056 752 1220 806 φρόνιν
1249 754 1382 807 ἤγαγε
1411 750 1589 806 πολλήν.

311 808 409 852 ξ”νθ
441 809 567 852 α’λλαι
601 810 745 861 Τρωαὶ
776 809 865 864 λίγ’
897 808 1117 851 ἐκώκυον·
1154 826 1292 860 αυταρ
1325 808 1430 862 έμόν
1458 810 1540 863 κῆρ

476 866 564 908 ἐπεὶ
593 865 678 936 ἤδη
707 882 781 919 μοι
811 867 968 919 κραδίη
997 866 1208 918 τέτραπτο
1237 866 1416 908 νέεσθαι

635 922 742 977 ἄτην
773 923 819 965 δὲ
849 921 1123 976 μετέστενον,
1154 922 1208 976 ἢν
1233 921 1466 977 Ἀφροδίτη

310 978 427 1032 δῶχ’,
461 979 529 1022 ὅτε
561 977 600 1030 μ’
633 978 765 1034 ἤγαγε
798 985 911 1022 κεῖσε
942 981 1071 1049 φίλης
1103 978 1189 1023 απὸ
1219 981 1429 1031 πατρίδος
1445 977 1573 1047 αἴης,

309 1035 446 1079 παῖδα
475 1035 518 1079 τ’
551 1035 657 1092 ἐμήν
685 1035 1039 1092 νοσφισσαμένη,
1068 1035 1277 1093 θάλαμόν
1305 1051 1368 1088 τε,
1398 1032 1529 1078 πόσιν
1555 1047 1612 1084 τε,

199 870 281 910 260
311 884 379 973 ἔξιθι
370 865 598 966 ρόῖκόνδ’·

136 1202 197 1224 ves
225 1192 450 1246 Achivorum,
483 1192 518 1226 in
543 1205 658 1227 eorum
683 1193 850 1228 exercitu.
898 1193 945 1250 cf:

136 1236 177 1270 Il.
212 1236 259 1278 α’,
290 1239 357 1273 559
384 1246 448 1273 etc.
481 1239 570 1272 idem
603 1241 688 1272 alias
726 1240 812 1273 dixit
843 1252 944 1281 παρα

135 1296 170 1317 ν
193 1280 279 1326 Ἀχτ
305 1296 337 1317 v,
361 1284 401 1318 Il.
428 1283 473 1324 α’,
497 1287 577 1325 305,
604 1286 671 1319 415
697 1293 763 1318 etc.
789 1287 943 1329 —Ap.·

135 1327 405 1372 ἀβάκησαν.
430 1331 503 1365 τῶν
524 1328 623 1373 ἅπαξ
642 1331 854 1374 εἰρημένων.
880 1344 941 1376 ση-

130 1377 254 1419 μαίνει
269 1377 309 1410 δὲ
330 1375 371 1410 τὸ
391 1375 589 1422 ἠγνόησαν.
615 1390 651 1411 οι
671 1377 711 1412 δὲ
739 1377 808 1412 τὸν
829 1376 942 1412 α’σύν-

131 1434 215 1456 ετον
260 1423 468 1466 (perperam
501 1423 610 1457 libri:
639 1421 871 1478 ἄσύνητον.)
909 1437 941 1459 u.

130 1466 249 1514 {nano}
272 1467 413 1513 ἀβακήν
429 1469 606 1514 λέγουσιν.
633 1467 652 1504 6
677 1470 853 1513 περιέχων
873 1470 942 1515 τὴν

129 1515 224 1556 λέξιν
250 1516 420 1559 (glossam
447 1528 508 1549 seu
533 1528 649 1550 vocem
676 1517 872 1550 obsoletam.
905 1529 941 1551 v.

127 1561 312 1594 Villoisono
353 1562 525 1595 laudatum
563 1562 744 1594 Ruhnken.
783 1574 859 1595 ann.
894 1563 939 1596 ad

127 1607 347 1650 Timaeum.)
376 1610 513 1662 στίχος·
551 1608 593 1642 οἱ
626 1605 666 1642 δ’
690 1606 941 1652 ἀβάκησαν

125 1673 170 1677 —
195 1652 346 1688 ἐόντα.
371 1650 390 1689 6
425 1653 464 1689 δὲ·
489 1651 618 1688 Ἀπίων
646 1653 740 1688 κατὰ
770 1654 936 1710 στέρησιν

124 1701 195 1734 τοῦ
227 1698 361 1755 βάζειν.
395 1720 439 1724 ——-
474 1702 545 1753 ᾼιιι.
573 1701 615 1733 Β.
641 1700 766 1740 etQ-2
803 1701 870 1746 οἰβ.
896 1698 934 1745 ἠ-

122 1745 296 1802 γνόησαν,
319 1743 386 1780 οὐκ
407 1745 511 1781 εἶπόν
530 1757 576 1780 τι·
596 1746 631 1801 o}
649 1745 718 1790 γάρ
739 1744 914 1789 ἅγνουντε
900 1762 935 1804 9

124 1790 171 1826 ου’
207 1792 388 1827 δύνανται
422 1792 558 1847 βάζειν.
604 1790 677 1826 ἀπὸ
710 1795 777 1826 τοῦ
807 1795 863 1839 βτῆ
891 1793 933 1829 τὸ

121 1838 211 1883 λέγω
237 1841 386 1881 γιᾛνεται
412 1859 454 1863 -—
481 1836 572 1874 ὅθεν
592 1852 652 1873 και
675 1837 833 1894 βάκχος,
860 1854 933 1884 φα-

122 1885 204 1927 σὶν,
233 1884 251 1920 ὁ
281 1884 470 1941 μανιώδης
492 1900 523 1921 κ.
549 1882 730 1928 οἷκρατής,
754 1886 867 1930 inquit
890 1886 932 1922 Ε.

120 1931 206 1965 imo:
244 1928 425 1975 ὃβοῖζιον,
453 1929 618 1971 ὁλάλος,
643 1932 756 1964 Briom
763 1943 821 1972 us,
848 1933 931 1966 Ele-

120 1977 206 2011 leus.
257 1978 361 2012 ovid.
388 1980 472 2012 Met.
497 1979 531 2018 3,
558 1979 657 2012 528·
694 1978 796 2010 Liber
820 1979 930 2020 adest,

112 2025 282 2068 festisque
316 2027 478 2066 fremunt
518 2025 708 2058 ululatibus
750 2025 843 2069 agri.
885 2043 930 2048 —

119 2071 406 2126 κερδοσύνῃ,
442 2071 539 2112 dolo,
571 2082 629 2103 seu
656 2069 850 2112 prudentia.
886 2069 928 2112 ξ’,

117 2117 176 2157 31,
201 2117 240 2150 ll.
255 2116 297 2160 χ’,
313 2117 392 2151 247.
442 2117 493 2150 Ε·
518 2115 744 2172 κερδοσύνην
761 2114 830 2161 τὴν
850 2114 927 2151 ἐπι-

115 2141 230 2206 κερδῆ
257 2163 348 2205 λέγει
375 2161 524 2217 βουλήν.
559 2163 595 2197 οὶ
625 2160 663 2197 δε,
693 2160 847 2205 ’ὕστερον
864 2163 924 2198 καὶ

114 2208 185 2265 τήν
216 2207 432 2264 δολιότητα,
471 2207 520 2249 ὠς
553 2207 626 2244 απὸ
662 2209 728 2253 τῆς
760 2210 925 2253 κερδοῦς,

112 2252 138 2300 ἤ
169 2255 265 2290 ἐστιν
296 2235 455 2299 ἀλώπηξ.
488 2275 532 2280 —
569 2253 805 2297 αλέεινεν,
822 2258 924 2301 sugit

111 2313 183 2343 me,
217 2313 279 2336 nec
311 2302 433 2336 audire
464 2301 585 2336 voluit.
621 2299 668 2342 α’,
692 2303 760 2337 433
785 2307 852 2336 etc.
877 2322 923 2327 —-

110 2348 158 2381 Ε.
183 2346 225 2383 τὸ
257 2348 297 2383 δὲ
326 2347 450 2383 λούειν
479 2345 549 2390 ὅρα
574 2346 770 2383 κανταῦθα
795 2361 922 2392 γυναι-

109 2395 185 2428 κῶν
208 2395 317 2429 ἴδιον.
343 2395 435 2439 φησὶ
454 2407 521 2437 γαρ
544 2391 566 2438 ἡ
584 2393 725 2440 Ελένη·
751 2391 809 2435 ὡς
833 2393 917 2437 ἐγώ

106 2439 188 2475 τὸν
227 2440 458 2476 Ὀδυσσέα
497 2440 684 2482 ἐλόευν,
722 2441 797 2484 (sic
838 2441 919 2474 libri

111 2492 249 2531 praeter
275 2488 371 2521 Harl.
399 2494 434 2520 et
459 2488 497 2520 A.
518 2489 573 2526 2.,
609 2499 749 2529 quorum
774 2487 830 2520 ille
858 2488 919 2520 ha-

107 2534 168 2566 bet
195 2532 312 2571 λόεον,
337 2533 427 2589 quod
451 2533 584 2590 recepit
607 2533 663 2571 W,
695 2534 748 2566 hic
773 2531 918 2588 λούον.)

108 2592 153 2613 ου
179 2578 332 2620 ἐνεστώς
352 2578 393 2614 τὸ
411 2578 523 2622 λοέω,
550 2578 587 2622 ἐξ
621 2575 668 2614 οὗ
694 2578 734 2613 τὸ
756 2577 917 2622 λοετρόν.

107 2623 251 2660 τούτων
283 2625 323 2662 δε
349 2627 555 2668 συναίρεσις
583 2624 624 2660 τὸ
651 2623 774 2659 λούειν
811 2639 843 2659 κ.
875 2626 915 2660 τὸ

106 2673 276 2729 λουτρόν.
310 2692 357 2697 -
392 2670 495 2708 λούει
522 2669 584 2715 δὲ,
623 2671 757 2714 φασὶν,
788 2667 916 2728 Ελένη

106 2716 172 2752 τὸν
189 2717 368 2755 Ὀδυσσέα
384 2717 565 2775 ἐπίτηδες,
590 2718 652 2752 ἵνα
670 2719 716 2762 τῇ
734 2717 917 2760 γνμνώσει

106 2766 180 2799 τῶν
215 2764 356 2821 ῥακέων
395 2763 578 2823 ἀπελέγξῃ
596 2763 842 2807 ἀρνούμενον.
872 2783 916 2790 -

106 2809 224 2851 ἄλλως
242 2809 309 2855 γὰρ
327 2807 374 2856 ἦν
392 2812 453 2848 καὶ
474 2810 547 2857 ὑφ’
565 2809 698 2854 ετέρων
716 2808 831 2846 αὐτὸν
851 2823 915 2854 γυ-

105 2859 246 2892 ναικῶν
265 2860 494 2914 λουσθῆναι.
510 2859 555 2892 cf.
568 2856 704 2902 y'‚464
730 2877 774 2882 -—
797 2870 915 2900 καρ-

106 2903 247 2948 τερὸν
272 2901 423 2946 ὅρκον.
461 2901 505 2945 κ’,
526 2905 607 2944 381,
634 2904 674 2938 ΙΙ.
696 2900 737 2944 τ’,
761 2905 827 2938 108
846 2910 912 2937 etc-

107 2969 152 2975 —
176 2950 276 2990 „.lex
299 2950 448 2985 Bekkeri
475 2963 508 2995 p.
531 2952 630 2985 393..
648 2947 914 3006 ἀναφῆναι,

106 2994 274 3042 ἐκφῆναι
285 3000 310 3017 “
358 2997 398 3032 B.
418 2996 478 3030 Ε,;
505 2992 606 3033 τὸδὲ
633 2995 781 3042 ἄναφ.
806 2997 917 3041 δηλοῖ

785 135 1188 178 ΟΜΗΡΟΥ

1180 245 1225 287 οἷ
1254 242 1300 287 6’
1308 241 1559 314 ᾇβάκησαν

989 1194 1032 1238 μὶ
1036 1209 1056 1229 ν
1075 1194 1117 1230 τὸ
1139 1196 1255 1238 δεῖξαι
1275 1192 1361 1236 τὸν,
1384 1191 1432 1234 ὥς
1453 1191 1533 1236 5995
1529 1190 1606 1248 ’θη,
1632 1187 1794 1230 ἀποκρυ-

990 1243 1111 1285 βέντα.
1159 1261 1204 1265 -—
1251 1242 1361 1281 τόν,
1401 1240 1560 1281 τοῦτον,
1595 1233 1808 1275 Ὀδυσσέα,-

990 1300 1088 1331 quem
1113 1299 1198 1322 nom
1191 1288 1298 1320 naxit
1322 1285 1551 1330 ἐμφατικῶς,
1589 1293 1656 1315 non
1679 1281 1795 1314 dicens
1840 1327 1841 1330 Ἴ

989 1334 1149 1376 ὅμνιμι
1173 1333 1222 1377 μὴ
1256 1333 1296 1378 μὲ
1285 1347 1322 1368 ν
1354 1345 1392 1368 σε
1423 1331 1637 1376 ἀναφῆναι,
1659 1329 1720 1362 sed
1741 1323 1792 1371 μὴ
1840 1362 1842 1367 ,

988 1394 1055 1425 μεν
1078 1380 1259 1415 Ὀδυσσέα
1283 1379 1399 1422 υἷι-αφ.
1431 1386 1520 1412 etc.·
1510 1402 1521 1418 ‚
1565 1376 1656 1421 quod
1685 1385 1794 1419 genus

989 1428 1125 1484 dicendi
1168 1427 1330 1471 exemplis
1363 1424 1606 1459 illustravimus
1639 1432 1716 1456 ann.
1747 1421 1794 1455 ad

985 1474 1025 1507 Il.
1052 1488 1099 1516 α,
1125 1473 1204 1512 240,
1227 1472 1277 1514 π’,
1303 1473 1382 1513 833,
1407 1469 1553 1514 ρ’,,249
1579 1466 1622 1510 σ’,
1644 1469 1723 1502 222.
1746 1485 1792 1492 —

985 1533 1066 1554 και
1098 1518 1226 1561 τότε,
1262 1499 1365 1562 6tque
1387 1524 1473 1551 tum.
1520 1514 1802 1560 conjunctionem*

984 1567 1035 1599 rei
1059 1577 1133 1599 cum
1158 1572 1237 1599 ante
1262 1566 1353 1598 dicta
1376 1565 1496 1603 talem,
1529 1562 1640 1608 qualis
1663 1567 1715 1595 est.
1736 1560 1791 1593 ef-

982 1613 1094 1645 fectus
1136 1623 1209 1644 cum
1253 1622 1380 1649 causa,
1421 1610 1522 1654 eique
1557 1605 1790 1662 conjunctioni

983 1663 1243 1691 consentaneam
1280 1636 1488 1690 celeritatem
1529 1654 1698 1694 actionis,
1739 1653 1786 1687 si-

981 1705 1124 1747 gnificat
1147 1702 1186 1737 n)
1213 1703 1307 1741 καὶ,
1341 1708 1379 1736 ut
1404 1701 1523 1745 Eurip.
1556 1701 1640 1734 Ione
1665 1700 1786 1734 1098.:

981 1763 1030 1789 ως
1065 1749 1102 1784 δ’
1139 1749 1360 1784 ἀπέσπεισαν
1401 1748 1518 1792 μέθυ,
1564 1747 1650 1786 Κείς
1693 1742 1786 1781 αυτό

977 1798 1099 1839 χειλη,
1127 1794 1304 1838 πώματος
1330 1793 1563 1838 κεχρημέναι,
1588 1794 1786 1837 Καθῆκαν.

979 1854 1010 1877 v.
1046 1843 1093 1875 ibi
1123 1855 1199 1877 ann.
1234 1850 1270 1876 et
1301 1842 1445 1875 inferius
1477 1840 1558 1878 432,
1591 1840 1672 1874 480.
1704 1840 1785 1881 589,

978 1889 1119 1924 Hesiod.
1160 1890 1254 1933 Opp.
1301 1888 1378 1928 197,
1418 1888 1497 1926 529,
1535 1886 1604 1921 536
1637 1891 1704 1919 etc.
1737 1905 1784 1911 -

976 1948 1073 1970 ταν.
1098 1938 1265 1981 χαλκῶ.
1285 1935 1326 1968 Il.
1351 1932 1395 1978 η’,
1419 1934 1463 1967 77
1489 1939 1554 1966 etc.
1579 1951 1625 1957 —
1659 1931 1783 1976 φρό-

976 1994 1078 2023 νιν,
1115 1982 1249 2025 γνῶσιν
1273 1994 1348 2015 των
1372 1979 1410 2015 ἐν
1440 1981 1644 2023 T901'qc‚ut.
1669 1979 1784 2033 expli-

976 2033 1057 2061 cant
1081 2028 1215 2068 quidam
1241 2040 1297 2072 ap.
1318 2029 1389 2060 Am.
1410 2026 1454 2060 E.
1478 2026 1514 2058 id
1541 2024 1706 2059 Germani
1729 2025 1784 2059 ‹li-

976 2080 1058 2107 cunt
1081 2075 1300 2117 Ilundschast
1324 2074 1478 2118 bringen.
1526 2070 1649 2106 V.=oss
1674 2070 1784 2105 kehrt‘

973 2133 1011 2153 er
1042 2133 1083 2153 zu
1110 2123 1225 2165 Argos
1251 2121 1418 2154 schaaren
1443 2118 1547 2151 hinab
1566 2120 1627 2152 mit
1644 2119 1782 2152 reichli-

972 2167 1052 2200 cher
1094 2168 1219 2202 kunde.
1268 2167 1312 2200 cf.
1349 2178 1427 2201 ann.
1458 2165 1500 2199 ad
1534 2163 1578 2209 γ’,
1609 2165 1689 2200 244.
1736 2184 1782 2190 —-

971 2209 1059 2255 λίγ’
1097 2212 1327 2253 ἐκώκυον,
1368 2216 1467 2245 acute
1509 2210 1572 2253 (ut
1603 2211 1812 2266 feminae)·

971 2260 1159 2303 ejulabant.
1187 2258 1230 2300 τ’,
1254 2260 1333 2299 541,
1358 2259 1396 2292 Il.
1417 2256 1459 2298 τ’,
1478 2256 1558 2298 284,
1586 2255 1628 2298 6¹,
1647 2258 1692 2292 37
1710 2262 1777 2292 etc.

1015 2307 1135 2340 262-
1145 2305 1224 2341 264.
1272 2306 1329 2338 Ε·
1374 2303 1414 2338 τὸ
1455 2300 1602 2359 ἤγαγε
1648 2307 1780 2340 κεῖσε

967 2365 1049 2395 περι
1073 2348 1288 2395 Ἀφροδίτης
1321 2348 1420 2385 εἷπει
1445 2347 1466 2393 ἡ
1488 2348 1614 2394 Ελένη
1645 2350 1777 2391 σεμνύ-

965 2410 1085 2433 νουσα
1127 2397 1282 2439 εαυτήν·
1323 2396 1425 2432 ὀκνεῖ
1454 2411 1525 2440 γαρ
1560 2397 1776 2440 μνησθῆναι

965 2446 1033 2479 τοῦ
1050 2441 1198 2488 α’ληθῶς
1215 2441 1416 2488 ἀγαγόντος
1434 2441 1551 2487 αὐτὴν
1569 2443 1621 2483 εἰς
1638 2445 1777 2485 Τροίαν

964 2490 1143 2533 Πάριδος.
1194 2510 1235 2515 --
1283 2489 1681 2534 νοσφισσαμένη·
1723 2490 1776 2524 ita

965 2538 1066 2572 codd.
1110 2542 1250 2582 praeter
1290 2539 1330 2571 A.
1363 2539 1417 2577 2,
1457 2537 1492 2570 in
1535 2547 1603 2580 quo
1646 2535 1774 2579 legitur

963 2597 1027 2618 ν-
1034 2597 1076 2627 νη
1081 2596 1117 2623 ν,
1147 2594 1244 2627 quam
1269 2583 1476 2628 scripturam
1501 2580 1774 2616 commemoravit

964 2630 1016 2671 Ε,
1049 2630 1257 2664 admiserunt
1286 2629 1333 2661 W
1365 2635 1401 2663 et
1432 2630 1471 2663 B.
1503 2627 1564 2662 sed
1598 2627 1774 2661 efficacior

964 2683 1019 2710 est
1051 2676 1162 2709 altera
1194 2675 1272 2715 illa,
1305 2679 1344 2708 ut
1376 2687 1443 2720 qua
1473 2686 1539 2709 non
1563 2673 1662 2714 olim,
1698 2685 1771 2707 cum

962 2727 1063 2767 rapta
1088 2727 1153 2761 est,
1176 2721 1270 2753 sacta
1294 2720 1448 2755 Helenae
1472 2721 1594 2755 damna
1616 2719 1771 2753 indicen-
1798 2759 1800 2763 ι

961 2774 1036 2809 tur,
1071 2768 1131 2800 sed
1160 2768 1341 2811 jacturae,
1377 2769 1500 2812 quibus
1533 2776 1574 2800 ex
1600 2765 1658 2798 illo
1684 2771 1770 2798 tem-
1813 2789 1818 2812 3

961 2826 1047 2858 pore
1071 2825 1205 2856 semper
1229 2814 1441 2856 angebatur,
1478 2822 1628 2857 quasque
1653 2810 1767 2855 quoti—

959 2860 1017 2893 die
1048 2859 1156 2903 magis
1189 2860 1368 2904 magisque
1399 2859 1592 2898 sentiebat,
1628 2856 1769 2891 delicia-

959 2917 1035 2939 rum
1066 2905 1200 2939 Paridis
1233 2912 1268 2938 et
1298 2917 1409 2940 rerum
1433 2905 1662 2948 Trojanarum
1687 2913 1767 2948 per·
1820 2907 1822 2910 '

959 2957 1069 2985 taesa.
1093 2958 1276 2996 praeterea
1301 2964 1363 2986 nec
1383 2951 1576 3004 ambiguum
1594 2954 1648 2982 est
1663 2961 1769 2992 ν-η,
1811 2947 1837 2989 l,

957 2998 1045 3033 sicut
1063 3011 1197 3043 ν-ην,
1222 3010 1323 3044 quam
1342 2997 1535 3042 intelligere
1553 2995 1636 3031 licet
1651 2996 1770 3031 παῖδα
1810 2992 1852 3177 ιιι
