1846 3282
549 146 1118 190 ΟΔΤΣΣΕΙΑΣ
1171 148 1225 188 Ν.

1616 149 1700 194 157

324 257 410 301 Τὸν
438 256 481 301 δ’
508 257 849 328 ἀπαμειβόμενος
874 255 1074 312 προσέφη
1100 257 1406 325 νεφεληγερέτα
1433 259 1560 313 Ζεύς

242 345 269 365 ,
284 316 317 356 ὠ
347 316 505 364 πέπον,
538 314 595 364 ὡς
623 317 702 369 μὲν
730 316 818 383 ἐμῷ
845 317 974 368 θυμῷ
1003 315 1124 356 δοκεῖ
1149 317 1258 355 εἰναι
1289 313 1455 370 ἄριστα,

133 371 213 414 155
243 368 402 412 ὁππότε
430 386 505 413 κεν
535 370 587 424 δὴ
616 371 772 421 πάντες
799 368 1090 423 ἐλαυνομένην
1117 370 1380 420 προΐδωνται

238 426 336 468 λαοὶ
365 424 449 468 ἀπὸ
479 425 674 478 πτόλιος,
704 432 851 471 θεῖναι
878 427 1006 468 λίθον
1035 423 1185 479 ἐγγύθι
1211 425 1348 479 γαίης,

239 484 316 550 νηῒ
338 484 427 537 θοῇ
454 482 619 534 ι’κελον,
657 484 729 525 ἵνα
756 481 1037 549 θαυμάζωσιν
1064 480 1259 529 ἅπαντες.

240 537 513 612 [ἄνθρωποι,
542 537 649 594 μέγα
678 538 723 581 δέ
753 549 859 593 σφιν
888 536 992 590 ὅρος
1017 535 1140 580 πόλει
1168 535 1388 591 αμφικα]
1364 544 1422 588 υτ
1427 554 1482 582 αι
1493 541 1572 592 ]“

283 637 380 672 Jovis
404 639 506 673 venia
528 639 710 686 Neptunus
734 650 854 674 navem
878 638 1067 674 Phaeacum
1090 640 1199 673 mutat
1220 637 1255 672 in
1278 637 1433 683 lapidem.

311 704 462 760 Αῦτιὲρ
493 707 582 750 ἐπεὶ
609 705 701 761 τόγ’
733 705 892 749 ακουσε
922 706 1178 750 Ποσειδάων
1205 705 1453 760 ἐνοσίχθων,

127 763 204 804 160
233 763 289 816 βῆ
322 761 366 814 6'
397 764 492 833 ἴμεν
520 763 562 813 ἐς
592 764 799 818 Σχερίην,
830 761 904 805 ὅθι
939 764 1125 831 Φαίηκες
1152 762 1368 830 γεγάασιν.

234 816 335 859 ἔνθ’
370 816 483 874 ἔμεν’
497 831 506 840 ·
536 817 563 873 ἡ
598 819 644 861 δὲ
671 819 785 872 μαλα
815 816 966 872 σχεδὸν
994 817 1129 876 ἤλυθε
1154 820 1427 870 ποντοπόρος
1455 820 1575 874 νηῦς,

234 873 374 940 ῥίμφα
405 874 654 938 διωκομένη.
704 877 779 928 τῆς
809 874 854 916 δὲ
884 873 1035 928 σχεδόν
1066 869 1166 930 ἦλθ’
1193 873 1471 930 Ἐνοσίχθων,

233 929 280 979 ὅς
307 945 382 983 μιν
409 933 520 987 λᾶαν
549 929 696 999 ἔθηκε,
725 930 797 971 καὶ
827 929 920 984 5662
913 932 1056 982 ’ζωσεν
1086 931 1247 982 ἔνερθε,

227 986 334 1040 χειρὶ
361 990 627 1043 καταπρηνεῖ
652 985 829 1036 ἐλάσας·
861 985 885 1029 6
916 987 961 1029 δὲ
990 986 1124 1042 νόσφι
1154 985 1336 1043 βεβήκει

420 1089 617 1124 mirantibus
642 1089 712 1124 suis
737 1089 894 1124 Alcinous
919 1088 1069 1135 explicat
1091 1092 1296 1134 portentum.

119 1155 197 1197 165

313 1157 368 1198 Οἱ
395 1156 439 1198 δὲ
466 1156 575 1210 πρὸς
605 1155 819 1212 ἀλλήλους
847 1158 949 1200 ἔπεα
976 1155 1198 1212 πτερόεντ’
1231 1155 1445 1213 ἀγόρευον

228 1212 412 1267 Φαίηκες
441 1211 755 1267 δολιχήρετμοι,
787 1216 1066 1256 ναυσίκλυτοι
1095 1213 1261 1265 ἄνδρες.

227 1262 310 1310 ὦδε
339 1268 384 1312 65
417 1284 480 1319 τις
509 1271 723 1322 εἴπεσκεν,
752 1268 858 1312 ἰδών
886 1269 928 1319 ές
958 1270 1140 1339 πλησίον
1171 1269 1328 1312 ἄλλον·

302 1323 386 1376 ,,”.Ω.
413 1341 509 1378 μοι,
538 1326 603 1375 τίς
633 1325 685 1380 δὴ
713 1329 795 1381 νῆα
824 1325 939 1378 θοήν
967 1324 1138 1394 έπέδησ’
1170 1326 1233 1369 ἐνὶ
1261 1325 1432 1404 πόντῳ,

225 1378 368 1422 οἴκαδ’
403 1381 720 1451 έλαυνομένην;
749 1381 822 1424 καὶ
851 1381 904 1449 δη
934 1379 1233 1436 προύφαίνετο
1261 1386 1414 1425 πᾶσα(

114 1439 195 1480 170

295 1435 378 1488 Ὡς
408 1437 492 1491 ἄρα
520 1454 583 1487 τις
611 1439 795 1481 εἴπεσκε·
824 1452 877 1479 τα
910 1437 1067 1481 δὀὐκ
1096 1440 1218 1487 ἰ’σαν,
1250 1456 1306 1489 ως
1335 1439 1541 1482 ἐτέτυκτο.

220 1496 362 1535 τοῖσιν
392 1492 432 1536 δ’
459 1493 678 1562 Ἀλκίνοος
700 1492 973 1563 αγορήσατο,
1001 1495 1075 1537 καὶ
1105 1494 1343 1563 μετέειπεν·

299 1551 383 1600 „²52
411 1549 567 1602 πόποι,
578 1552 623 1618 ἡ
653 1548 765 1622 μάλα
795 1549 849 1606 δή
877 1565 928 1602 με
954 1551 1204 1604 παλαίφατα
1221 1548 1433 1618 θέσφαθ’
1463 1549 1600 1594 ἱκάνει

219 1604 383 1660 πατρὸς
411 1605 543 1661 ἐμοῦ,
574 1604 622 1657 ὃς
652 1607 812 1662 ἔφασκε
841 1605 1120 1651 Ποσειδαων’
1147 1606 1396 1664 ἀγάσασθαι

51 1747 79 1795 ἢ
107 1751 230 1793 λίνον,
267 1748 292 1797 ἢ
321 1750 497 1809 τοιούτου
530 1751 648 1794 τινός·
688 1752 757 1789 οῦκ
789 1752 848 1791 ἐπὶ

48 1799 287 1853 πανωλεθρίᾳ
308 1797 454 1843 μέντοι,
478 1796 557 1834 ἄλλ’
583 1798 768 1844 ἐκπλήξει,
799 1798 849 1842 ὥς

51 1845 160 1887 δηλοῖ
187 1841 207 1879 ὁ
238 1857 276 1882 π.
267 1870 296 1888 .,
329 1845 389 1880 ἴνα
419 1845 546 1890 μηκέτι
576 1846 622 1882 τοὶ
645 1847 743 1882 αὐτοὶ
765 1859 847 1883 ποι-

49 1892 130 1926 οῖσι.

97 1946 217 1983 154—
229 1949 302 1984 156.
337 1961 365 1982 ω
391 1946 548 1983 πέπον.
575 1946 699 1991 ι’,447
717 1951 782 1984 etc.
799 1971 845 1977 -—

48 1992 100 2026 Ε·
124 1991 381 2036 -ἆριστα,
423 1993 538 2039 ἤγουν
562 1993 771 2038 ἄριστον.
810 2007 845 2030 v.

46 2038 88 2072 ΙΙ.
116 2053 166 2081 π,
191 2042 269 2077 128.
293 2042 689 2077 -θεῖναιλίθον
714 2039 844 2088 αὐτὴν,

45 2083 116 2130 τήν
137 2087 244 2121 ναῦν.

94 2143 172 2178 158.
218 2155 339 2178 versus
355 2143 458 2185 iners,
482 2149 518 2178 et
536 2144 656 2189 procul
681 2144 783 2179 dubio
800 2156 842 2179 ex

46 2188 126 2235 152.
148 2195 340 2234 expressus.
388 2190 468 2224 novi
496 2190 624 2234 aliquid
648 2191 762 2224 dicere
784 2191 843 2224 Jo-

45 2245 144 2277 vem,
186 2247 250 2269 nec
283 2235 399 2270 fratris
438 2235 638 2270 sententiam
673 2241 842 2279 repetere,

46 2279 188 2325 colligas
218 2292 260 2315 ex
292 2281 405 2315 verbis
439 2295 488 2322 ως
526 2280 593 2325 μὲν
623 2301 668 2307 -
700 2281 840 2326 ἄρητα.

45 2326 199 2367 accedit,
234 2326 324 2372 quod
348 2338 468 2361 revera
492 2339 584 2361 mons
607 2339 674 2361 non
698 2334 752 2362 est
774 2329 841 2362 cir-

45 2371 230 2415 cumjectus
251 2384 280 2427 a·
290 2372 453 2417 Neptuno
470 2373 671 2416 phaeaciae,
694 2374 753 2408 sed
777 2385 840 2407 na-

44 2417 98 2450 via
118 2422 248 2451 tantum
271 2417 306 2452 in
333 2417 478 2472 lapidem
502 2424 647 2461 mutata,
679 2418 837 2463 majorem

43 2462 134 2496 illum
158 2463 310 2508 quidem,
341 2463 391 2498 ita
414 2468 452 2498 ut
474 2465 737 2509 promontorium
761 2477 838 2499 esse

0 2508 1 2519 ¹
42 2508 220 2543 videretur
254 2509 404 2543 Alcinoo.
451 2511 836 2555 v.163,164,177‚

43 2556 130 2596 178,
154 2560 190 2589 et
211 2554 362 2600 inprimis
388 2556 502 2591 181-
513 2557 588 2591 183.

85 2624 208 2659 159-
223 2621 300 2659 164.
345 2622 625 2678 ἐνοσίχθων.
655 2622 698 2669 γ’,
722 2626 746 2660 6
765 2629 832 2660 etc.

39 2687 84 2693 —
117 2668 352 2714 γεγάασιν.
391 2675 487 2704 recte
517 2670 704 2715 interpres.
741 2677 831 2714 sunt,

38 2713 68 2747 h.
94 2726 123 2749 e.
147 2714 306 2750 incolunt.
355 2716 425 2750 Am.
443 2715 489 2756 Q.
513 2717 628 2749 etB.=
655 2728 744 2760 γ.εγ
767 2731 833 2753 κα-

35 2762 309 2818 ταχρηστικῶς(
299 2760 347 2804 (²)
372 2759 453 2796 ἀντὶ
482 2761 550 2796 τοῦ
575 2763 761 2797 οἰκοῦσιν·
792 2762 830 2799 ἐκ

34 2803 104 2852 γὰρ
136 2807 203 2851 τῆς
229 2805 446 2850 Ὑπερησίας
473 2804 682 2852 (Τπερείας
703 2807 752 2850 ζ’,
775 2810 830 2854 3.)

34 2852 335 2898 μετιληλύθασιν.
355 2871 401 2878 -
425 2853 582 2897 ῥίμφα
604 2855 829 2897 διωκομέ-

35 2909 112 2943 νη,
136 2900 203 2933 cito
226 2899 373 2944 impulsa
395 2899 507 2934 remis.
550 2901 681 2945 copiam
705 2902 829 2936 verbo-

33 2955 107 2978 rum
147 2947 270 2990 poitae
310 2944 496 2979 admiratus
531 2946 581 2979 Ε.
630 2944 669 2980 ἐν
702 2947 742 2981 δὲ
777 2949 829 2993 τῷ

30 2988 184 3036 ῥίμφα
215 2992 344 3027 aaron.
334 3014 363 3034 .,
399 2990 532 3036 inquit,
566 3003 640 3036 οροι
661 2990 730 3037 τήν
750 2995 827 3029 τῶν

892 1748 1103 1810 Ὁμηρικῶν
1127 1753 1289 1811 ἐπίχυσιν
1315 1755 1455 1800 λέξεων.
1502 1749 1549 1789 οῦ
1571 1749 1691 1797 μόνον

892 1799 981 1845 γὰρ,
1025 1798 1076 1841 ὡς
1106 1814 1354 1860 προεγραφη,
1397 1799 1691 1859 σπερχομένη

891 1848 1008 1888 ναῦς
1040 1860 1072 1881 κ.
1097 1845 1381 1905 ἐπειγομένη
1411 1847 1595 1902 χερσὶν
1600 1845 1693 1889 έρε-

891 1890 1032 1935 τάων,
1057 1890 1150 1928 ἄλλα
1172 1895 1234 1929 καὶ
1256 1894 1550 1950 διωκομένη,
1573 1889 1595 1928 3
1614 1890 1691 1928 ἐστι

891 1937 985 1974 κατὰ
1007 1939 1149 1985 σπονδή
1154 1953 1172 1974 ν
1195 1941 1360 1983 θέουσα,
1397 1939 1479 1985 μετ’
1512 1938 1617 1983 ὀλίγα
1649 1937 1691 1974 δὲ

890 1984 951 2019 καὶ
988 1955 1290 2032 ἐλαυνομένη.
1339 1987 1449 2021 idem.
1480 1984 1523 2021 τὸ
1551 1984 1592 2021 δὲ
1623 1984 1691 2029 ἐῤ-

891 2030 1055 2074 ρίζωσε
1085 2033 1307 2087 πιθανότης
1335 2031 1412 2067 ἐστὶ
1446 2033 1515 2067 τοῦ
1545 2030 1596 2076 μή
1626 2031 1689 2067 καὶ

888 2078 1122 2122 βυθισθῆναι
1145 2076 1213 2123 τήν
1235 2078 1341 2114 ναῦν.
1376 2079 1624 2134 πιθανολογία
1648 2076 1690 2113 δέ

888 2136 943 2164 τις
974 2124 1126 2168 βραχεῖα
1158 2126 1223 2169 τῆς
1244 2123 1422 2169 ῥιζώσεως
1447 2124 1490 2161 τὸ
1515 2122 1690 2181 ἐγγύθι

887 2170 1049 2227 γαίης·
1082 2169 1122 2205 ἐν
1145 2184 1214 2216 γαρ
1244 2172 1360 2226 βάθει
1381 2171 1612 2230 ῥαισθείσης
1618 2167 1689 2206 οὐκ

886 2211 935 2259 ἦν
958 2215 1098 2250 πιθαι“
1072 2229 1146 2272 ον’,
1168 2216 1402 2271 τηλικαύτην
1424 2217 1570 2261 ῥίζωσιν
1591 2214 1688 2252 ὑπο-

887 2263 1075 2307 βληθῆναι
1091 2261 1196 2310 αὐτῇ.
1231 2265 1383 2308 (Aeneae
1401 2276 1506 2299 naves
1522 2265 1559 2298 in
1577 2264 1688 2307 Nym-

887 2308 971 2352 phas
993 2308 1137 2342 marinas
1161 2311 1203 2343 ab
1221 2311 1308 2344 Jove
1326 2311 1583 2345 transformatus
1600 2311 1686 2344 Aen.

886 2356 926 2393 9,
954 2355 1152 2389 117--122
1175 2357 1387 2410 comparavit
1403 2356 1551 2400 Eichh.)
1582 2356 1686 2400 χεὶρ

886 2397 926 2434 δὲ
949 2399 1261 2457 καταπρηνής
1275 2403 1380 2446 (199,
1405 2402 1444 2437 ΙΙ.
1467 2401 1516 2446 π’,
1540 2403 1625 2445 792)
1657 2401 1682 2446 ἢ

883 2446 1197 2502 κατεστραμμένη,
1230 2445 1280 2489 ὥς
1311 2459 1423 2492 φασιν
1458 2449 1494 2483 οἱ
1517 2448 1682 2491 παλαιοὶ,

883 2489 906 2535 ἡ
924 2492 1016 2525 κατοὶ
1034 2492 1074 2526 τὸ
1089 2493 1206 2547 θέναρ
1231 2495 1312 2539 (mit
1328 2496 1389 2528 der
1405 2496 1544 2538 stachen
1559 2495 1681 2539 Hand)

883 2537 1024 2581 δηλαδή
1043 2537 1222 2582 πληξασα,
1242 2560 1287 2565 -
1311 2540 1459 2581 νόσφι
1483 2540 1682 2586 βεβήκει,

882 2584 1035 2624 abierat,
1073 2591 1273 2621 evanuerat.
1329 2587 1542 2630 significatur
1586 2586 1683 2630 plus-

881 2630 1137 2674 quampersecto
1177 2633 1285 2676 major
1324 2632 1468 2666 actionis
1509 2632 1680 2675 celeritas,

879 2686 943 2708 nec
967 2676 1215 2711 concedendum
1239 2684 1293 2712 est
1317 2679 1444 2721 Vigero
1475 2679 1518 2720 5,
1542 2679 1586 2721 3,
1609 2679 1679 2725 13.‚

878 2727 1075 2765 usurpatum
1099 2734 1174 2756 esse
1198 2735 1261 2768 pro
1285 2725 1452 2768 perfecto.

924 2768 1000 2801 166.
1047 2765 1109 2810 θ’,
1136 2770 1210 2803 191.

922 2814 1000 2847 167.
1046 2811 1097 2854 θ’,
1119 2815 1189 2849 328
1212 2817 1280 2849 etc

921 2860 1000 2893 169.
1047 2859 1125 2894 καὶ
1149 2859 1203 2903 δὴ
1182 2874 1216 2903 η,
1239 2859 1301 2895 καὶ
1321 2859 1406 2907 ἤδη.
1439 2861 1478 2905 ι’,
1494 2863 1562 2899 236
1583 2868 1651 2900 ew.

921 2905 1007 2945 170,
1034 2907 1064 2940 1.
1114 2903 1159 2947 δ’,
1184 2907 1271 2946 772,
1296 2908 1330 2942 3.

921 2950 998 2983 172.
1045 2951 1123 2986 507.

918 2996 997 3038 173,
1020 2993 1052 3032 4.
1086 2994 1370 3042 ἀγάσασθαι,
1394 3011 1596 3039 succcum-
1618 3003 1670 3047 θ’,
