1856 3282
0 3076 8 3138 l

99 147 152 186 16

732 148 1127 189 ΟΜΗΡΟΤ

259 255 491 307 Ἀτλαντος
516 256 720 318 θυγάτηρ
751 256 1055 314 ὀλοόφρονος,
1085 256 1183 301 ὅστε
1211 258 1438 328 θαλάσσης

271 312 410 368 πάσης
438 313 599 369 βένθεα
630 312 821 367 ommis
804 315 886 370 ε’χει
916 316 963 358 δέ
992 330 1037 358 τε
1065 315 1222 365 κίονας
1250 313 1383 366 αὐτὸς

270 369 462 424 μακρὰς,
496 373 542 412 αὶ
570 370 702 425 γαῖάν
731 387 776 414 τε
805 372 880 414 καὶ
910 370 1109 425 οὐρανὸν
1138 369 1274 426 ἀμφὶς
1302 371 1463 426 ἔχουσι.

188 425 242 468 55
273 430 356 468 τοῦ
383 426 582 497 θυγάτηρ
614 427 834 483 δύστηνον
865 427 1139 482 ὀδυρόμενον
1165 442 1407 496 κατερυκει,

272 482 355 524 αἰεὶ
388 480 432 525 δ’
462 483 509 526 ἐν
543 488 774 538 μαλακοῖσι
803 484 877 528 καὶ
907 485 1146 539 αἱμυλίοισι
1176 482 1349 538 λόγοισι

272 539 440 593 θέλγει,
471 540 589 591 ὅπως
613 539 785 596 Ἰθάκης
815 540 1086 609 ἐπιλήσεται·
1118 539 1258 593 αὐτὰρ
1286 539 1535 594 Ὀδυσσεύς,

272 595 441 666 {55152103
469 597 544 638 καὶ
571 613 745 640 καπνον
780 595 1136 652 ἀποθρώσκοντα
1165 600 1325 652 νοῆσαι

272 653 325 707 ἧς
356 654 505 707 γαίης,
534 654 714 696 θανέειν
724 654 965 712 ἱμείρεται.

187 713 243 752 60
273 709 518 763 ἐντρέπεται
548 712 684 765 φίλον
713 713 845 766 ἦτορ,
871 710 1100 768 Ὀλύμπιε,
1130 709 1283 754 οὕνεκ’

102 843 269 883 νοῦντος.
316 842 432 883 αὐτος
464 844 612 888 (solus)
644 843 712 890 γάρ
745 860 764 881 ο
790 844 918 888 ”Ατλας

103 889 170 924 τὸν
200 890 342 933 κόσμον
370 889 562 935 βαστάζων
582 893 844 937 παραδίδοται
876 913 916 918 -

105 948 192 970 cave
220 936 287 969 alio
314 948 415 970 sensu
447 937 644 978 Atlantem,
675 940 815 973 Aeetem
845 936 918 982 (κ’,

108 984 186 1018 137.
196 983 237 1026 ),
269 982 416 1015 Minoem
442 982 510 1025 (λ’,
535 985 613 1020 321.
624 985 664 1027 ),
699 985 764 1018 alio
788 985 919 1019 leonem

107 1029 174 1072 (ΙΙ.
200 1027 241 1067 0'‚
267 1029 392 1072 630.),
419 1040 534 1072 aprum
561 1030 630 1072 (Il.
658 1028 702 1074 ρ’,
726 1031 827 1075 21),
853 1032 918 1075 hy-

107 1075 208 1108 drum
233 1074 297 1117 (ll.
322 1073 367 1115 β’,
391 1076 468 1109 723.
481 1075 520 1117 ),
558 1075 771 1120 ὀλοόφρονα
802 1077 920 1110 vocari

108 1126 209 1165 putes
234 1131 290 1164 ap.
315 1121 509 1155 Homerum.
536 1123 718 1156 metuenda
742 1128 820 1156 sunt
838 1135 920 1156 con-

107 1167 187 1199 silia
211 1170 246 1199 et
276 1166 416 1199 fortium
451 1171 488 1199 et
520 1168 740 1210 callidorum,
777 1170 807 1202 si
842 1170 922 1212 quis

108 1212 250 1245 irritare
274 1223 332 1244 eos
358 1212 450 1245 ausit
471 1211 635 1255 inferior,
669 1215 814 1270 ipsique
829 1215 878 1248 dii
901 1226 922 1249 a

111 1258 179 1292 ‹leo
215 1257 434 1302 appellantur
469 1257 673 1303 δηλήμονες
708 1262 747 1294 ll.
774 1259 827 1301 ω’,
851 1263 922 1303 33,

112 1309 150 1338 et
173 1315 277 1348 saepe
300 1303 447 1337 audiunt
475 1305 592 1341 δεινοὶ
624 1312 766 1360 propter
799 1312 923 1351 poten-

113 1350 215 1390 tiam,
241 1361 308 1393 qua
327 1361 451 1382 nocere
474 1356 635 1394 possunt,
660 1353 689 1385 si
713 1353 830 1386 velint
855 1354 923 1386 Ar-

112 1396 276 1440 gonautis
307 1395 491 1429 insidiatus
532 1402 586 1431 est
627 1399 772 1439 Aeetes,
815 1398 925 1431 Athe-

113 1443 248 1475 nienses
271 1442 412 1475 vexavit
437 1442 571 1485 Minos,
606 1444 725 1485 Atlas,
759 1424 924 1477 ’1113110111

112 1488 181 1521 dux
213 1487 620 1531 (HJgin.fab.15o.,)
653 1490 735 1544 ipsis
759 1490 826 1523 diis
851 1490 925 1523 bel-

112 1535 180 1567 lum
204 1533 338 1575 intulit,
350 1533 550 1590 ‚victusque
573 1535 650 1569 Jox
631 1547 670 1569 15
689 1537 788 1593 jussu
813 1534 926 1578 οὐρα-

111 1578 181 1616 νὸν
205 1577 320 1619 εὔρυν
347 1578 416 1622 ἔχει
444 1582 624 1624 κοατερῆς
653 1577 723 1616 ‘vn'
755 1580 927 1626 ἀνάγκης,

112 1631 155 1660 111
175 1625 223 1658 ait
242 1625 415 1659 Hesiodus
439 1627 507 1659 T.h
522 1628 603 1662 517.
628 1628 745 1672 quidni
764 1628 816 1661 vir
836 1629 928 1672 ejus-

114 1672 205 1706 modi
229 1671 423 1716 appelletur
455 1670 674 1717 ὀλοόφρων,
705 1675 928 1718 perniciosus,

115 1718 231 1762 qualis
254 1728 379 1751 revera
401 1718 583 1752 1111ιῖ5ῐο
607 1721 708 1754 etiam
734 1721 768 1753 in
791 1732 832 1753 eo
858 1720 928 1753 dis-

114 1767 307 1809 putarunt,
352 1763 438 1796 alius
481 1764 601 1810 stirpis
643 1778 718 1800 esse
750 1767 929 1810 epitheton

116 1810 316 1853 δαΐφρων,
340 1821 412 1843 cum
437 1809 560 1844 sortem
585 1817 702 1854 sonet,
727 1812 829 1851 alius,
855 1823 930 1846 curn

117 1856 322 1902 prudentem
362 1854 554 1898 significet3
597 1870 682 1902 quos
722 1858 850 1892 refellit
881 1858 928 1898 N,

118 1903 175 1936 hic
199 1907 311 1935 autem
336 1902 424 1935 male
448 1902 604 1944 dubitat,
635 1916 678 1937 an
702 1904 864 1938 sumenda
887 1904 933 1937 sit

118 1948 228 1981 forma
252 1946 361 1988 ὅλοος
384 1959 447 1990 pro
472 1946 558 1990 ὅλος
582 1955 726 1995 propter
748 1949 934 1993 ὀλοοίτρο-

117 2007 183 2038 χος
215 1993 254 2026 ll.
281 1992 327 2036 ν,
353 1995 450 2034 137.‚
488 2007 576 2039 quae
611 1996 689 2040 ipsa
713 2002 935 2030 controversa

120 2046 175 2074 est
202 2051 281 2073 vox,
319 2059 363 2065 —
402 2036 516 2077 όστε
541 2062 586 2066 -
612 2041 756 2077 οἶδεν.
790 2048 844 2076 est
870 2043 934 2076 hoc

121 2086 263 2119 deorum
297 2085 521 2124 marinorum
561 2089 683 2132 quibus
718 2088 935 2123 annumerari

124 2137 242 2176 potest
269 2132 384 2171 Atlas,
420 2144 492 2166 cum
519 2134 673 2179 Neptuni
698 2136 788 2169 filius
813 2134 936 2189 perhi-

522 2226 694 2281 Πρωτεύς
725 2226 937 2271 Αἰγύπτιος,

123 2268 212 2305 όστε
254 2269 447 2328 θαλάσσης
491 2270 624 2329 Πάσης
665 2273 804 2329 βένθεα
845 2272 936 2321 οἶδε,

122 2314 387 2358 Ποσειδάωνος
404 2316 594 2361 ὑποδμώς.
614 2340 659 2344 -
686 2319 804 2377 ἔχει,
828 2325 936 2361 tenet,

121 2363 351 2397 5115111131-
386 2363 556 2407 αὐτὸς,
580 2368 683 2400 solus.
706 2385 750 2392 —
783 2364 936 2410 ἀμφὶς

124 2408 314 2452 ἔχουσι,
362 2410 548 2452 distinam,
598 2412 859 2454 disterminant,
899 2413 934 2446 in

129 2454 239 2488 medio
264 2455 442 2499 utriusque
467 2458 668 2494 collocatae.
716 2470 749 2494 v.
775 2457 820 2504 γ’,
842 2438 938 2502 486,

121 2499 167 2542 0'‚
191 2501 347 2543 267.,11.
374 2501 420 2547 β’,
447 2504 502 2538 13.
527 2509 593 2538 etc.

158 2526 320 2582 56-5'8
369 2548 471 2583 αἰει
505 2545 543 2584 δ’
571 2548 621 2584 ἐν
645 2549 937 2592 μαλ.310.5ἰο

123 2593 154 2627 A
178 2593 212 2626 2.
246 2598 282 2626 et
315 2593 369 2635 3.,
413 2594 585 2640 scriptura
626 2595 797 2639 eleganti,
839 2596 938 2640 cujus

121 2638 309 2682 explicatio
334 2644 388 2673 est
412 2641 466 2674 vul
471 2648 552 2684 gata
577 2642 662 2675 haec
686 2643 759 2677 αἰεὶ
787 2639 826 2676 δὲ
853 2645 937 2680 μαλ.

121 2685 235 2728 qoph.
269 2685 357 2717 Phil.
391 2653 515 2722 1310g.=
554 2689 590 2722 τί
624 2686 714 2731 δῆτ’
750 2683 798 2723 οὶν
834 2686 940 2731 ἡμεῖς

123 2731 292 2786 δρῶμεν,
317 2732 352 2765 εἰ
379 2731 418 2767 σε’
444 2729 479 2775 γ’
503 2733 542 2769 ἐν
567 2732 689 2777 λόγοις
708 2735 855 2769 Πείσειν
874 2736 940 2769 δυ-

122 2776 342 2820 νησόμεσθα
360 2777 496 2822 μηδεν,
519 2794 571 2815 ων
587 2781 696 2824 λέγως
722 2782 767 2816 cf.
792 2792 870 2814 ann.
896 2780 940 2814 ad

126 2823 280 2866 ejusdem
307 2824 445 2858 fabulae
469 2826 534 2869 60,
573 2828 654 2861 item
680 2827 723 2860 ad
749 2827 838 2861 Oed.
863 2827 939 2861 Col.

128 2869 230 2912 524„
256 2869 385 2902 Trach.
411 2872 491 2907 839.
513 2878 578 2910 etc.
603 2891 646 2898 —
672 2874 772 2908 Sch.·
797 2873 942 2917 αἱμυ-

130 2917 291 2950 λίοισι
324 2913 528 2958 λόγοισι.
577 2921 679 2953 5311131
717 2919 824 2962 dixit,
864 2931 942 2953 sae-

133 2961 210 3007 pius
232 2966 345 2995 autem
366 2962 548 3007 Hesiodus,
573 2966 653 3000 item
669 2944 848 3010 Theognis
861 2964 940 3000 704.

136 3012 171 3041 et
193 3007 300 3043 Solon
325 3009 446 3051 fragm.
475 3014 532 3047 19.
564 3013 608 3046 cs
638 3013 673 3046 N
699 3017 736 3046 et
757 3023 843 3057 quos
867 3012 942 3046 lau-

123 2179 248 2211 beatur
284 2189 340 2233 ap.
373 2177 551 2213 Platonem
583 2180 695 2215 Critia

123 2225 225 2259 385.:
275 2221 471 2266 ἀθάνατος

1026 653 1131 697 οὐδέ
1160 670 1217 697 νυ
1253 654 1324 696 σοί
1352 667 1434 706 περ

1309 707 1548 760 Ὀδυσσεὺς

963 846 1079 886 davit,
1108 845 1266 891 inprimis
1289 845 1470 879 Ruhnken.
1492 843 1611 900 Epist.
1633 843 1711 878 crit.
1736 854 1771 888 p.

963 895 1020 930 28.
1052 898 1133 927 511111
1163 899 1275 926 autem
1308 891 1478 934 αιμύλιοι
1509 889 1630 934 λόγοι,
1662 889 1771 924 inter-

964 944 1064 996 prete
1093 939 1137 973 E.
1149 963 1160 981 ,
1202 937 1271 972 ἔσω
1303 935 1567 983 παρεισδύντες
1596 935 1659 972 καὶ
1689 934 1772 970 οἷον

964 984 1154 1028 ἁψάμενοι
1174 984 1345 1042 αιματος.
1389 985 1472 1018 Sch.
1498 994 1652 1040 quoque·
1678 983 1775 1026 αιμ.

964 1034 1296 1075 παραλογιστικοῖς.
1321 1027 1345 1076 ἢ
1363 1028 1546 1069 εὖνοὶκοῒς
1567 1029 1648 1064 καὶ
1673 1027 1776 1064 οἷον

968 1080 1300 1122 σνγγενικοῖς.
1348 1080 1429 1117 τοῖς
1461 1073 1547 1120 μετ’
1587 1073 1776 1119 ἐμπειρίας

968 1128 1133 1164 συνετοῖς
1163 1123 1224 1158 καὶ
1254 1122 1484 1168 προσηνέσιν.
1531 1121 1582 1156 ibi
1623 1122 1776 1155 Buttmz

967 1196 992 1214 ‚‚
1001 1171 1154 1204 nimirum
1188 1171 1232 1203 ab
1267 1169 1360 1212 αἷμα
1393 1170 1549 1203 derivzat
1588 1168 1624 1202 in
1655 1167 1775 1223 pltima

968 1223 1079 1252 autem
1112 1216 1341 1261 explicatione
1374 1216 1501 1260 (deest
1532 1214 1620 1248 enim
1648 1211 1673 1257 η
1697 1217 1777 1247 ante

968 1263 1078 1306 τοῖς)
1119 1263 1162 1295 ab
1197 1263 1364 1304 αἶ’μων.“
1410 1262 1476 1295 hoc
1518 1272 1602 1294 sane
1642 1259 1779 1297 malim·

968 1309 1030 1343 sed
1062 1308 1201 1341 xidetur
1225 1313 1260 1341 et
1282 1306 1376 1351 αἷμα
1400 1312 1436 1340 et
1460 1306 1581 1351 αῒμων
1612 1306 1778 1350 originem

968 1355 1098 1388 habere
1142 1354 1185 1387 ab
1225 1353 1344 1387 eodem
1378 1353 1487 1386 verbo
1518 1352 1675 1387 obsoleto
1707 1351 1778 1385 αιω

970 1400 1051 1443 (cui
1084 1405 1262 1444 cognatum
1299 1399 1394 1443 ἕω),

971 1446 1110 1487 άΐσσω,
1135 1447 1257 1487 incito,
1279 1445 1448 1489 itemque,
1472 1445 1508 1478 ni
1531 1444 1654 1485 fallor,
1677 1444 1781 1486 αἴζω,

972 1494 1068 1536 cujus
1101 1491 1199 1524 xerbi
1229 1491 1414 1535 vestigium
1459 1501 1624 1534 agnoscas
1654 1489 1690 1523 in
1719 1502 1783 1524 no-

972 1539 1061 1572 mine
1092 1535 1239 1580 αἰζηὸς,
1279 1543 1318 1571 111
1341 1537 1492 1580 αἵμονες
1517 1537 1594 1570 sive
1616 1534 1784 1580 αἱμύλιοι

972 1585 1075 1628 λόγοι
1105 1583 1174 1616 5ἰι11
1205 1594 1377 1616 sermones
1408 1582 1609 1628 κινητικοὶ,
1646 1582 1785 1616 motoria·

975 1638 1010 1664 et
1034 1629 1078 1663 ad
1104 1629 1378 1674 persuadendum
1403 1630 1498 1673 apti,
1524 1626 1652 1673 αἰζηὸς
1669 1633 1784 1662 autem

974 1676 1108 1710 mobilis
1140 1675 1309 1719 agilisque
1339 1655 1574 1719 intelligatur,
1607 1681 1643 1708 et
1672 1673 1785 1720 ipsum

975 1722 1068 1764 αἷμα
1105 1721 1163 1761 id,
1203 1721 1294 1766 quod
1324 1726 1479 1754 movetur
1512 1721 1550 1755 in
1581 1721 1786 1766 corporibus

976 1767 1208 1802 animantium.
1234 1787 1278 1792 -—
1302 1766 1485 1824 θέλγει,
1510 1768 1699 1808 demulcet,
1723 1767 1786 1800 de·

976 1811 1570 1858 131111.ν.31111.3(111.μ’,255.
1595 1809 1790 1853 -ὅπως

976 1860 1055 1896 ’.Ιθ
1109 1857 1408 1899 ἐπιλήσεται.
1455 1839 1585 1894 11131111.
1636 1861 1670 1902 5.
1707 1860 1789 1896 520.

980 1918 1057 1941 31111.
1078 1904 1110 1941 4.
1136 1924 1182 1930 -
1205 1905 1413 1946 ἱέμενος,
1436 1906 1588 1948 cupiens,
1612 1909 1791 1951 appetens.
1834 1906 1840 1915 “

978 1953 1020 1988 11.
1045 1950 1091 1998 β’,
1117 1950 1207 1994 154.
1233 1952 1360 1996 Odyss.
1377 1950 1423 1994 κ’,
1441 1953 1522 1987 529.
1547 1957 1616 1987 etc.
1639 1949 1792 1986 -καὶ
1834 1955 1846 1978 -’

979 1996 1180 2040 καπνὸν,
1204 2000 1259 2031 vel
1277 2001 1435 2040 fumum
1471 1999 1501 2032 si
1527 1997 1612 2032 nihil
1635 1997 1792 2051 amplius.

980 2065 1026 2070 —-
1059 2045 1159 2087 „.lex
1182 2045 1330 2078 Becker.

1355 2056 1390 2090 p.
1413 2043 1513 2080 427.·
1547 2041 1790 2087 άποθρω-

981 2102 1169 2128 σκοντα.
1201 2091 1269 2133 (ΙΙ.
1294 2090 1340 2134 β’,
1365 2093 1460 2134 702,
1482 2088 1792 2135 π’,748.)οἶπο-
1834 2105 1840 2127 1

980 2139 1168 2183 πηδωντα.
1216 2136 1368 2170 Rutilius
1392 2137 1472 2171 ltin.
1501 2140 1531 2177 1,
1556 2139 1655 2175 195.:
1685 2137 1793 2181 signa

980 2186 1064 2219 levis
1085 2183 1180 2227 fumi
1201 2184 1418 2217 commendat
1436 2184 1630 2224 Homerus,
1656 2183 1792 2218 Dilecto
1837 2185 1839 2192 ⁴

980 2232 1112 2275 quotics
1138 2229 1253 2271 surgit
1273 2230 1310 2262 in
1331 2235 1431 2264 astra
1449 2230 1530 2264 solo.
1542 2231 1567 2248 ‘⁶
1591 2230 1634 2263 B.
1683 2229 1788 2263 Ovid.
1842 2254 1845 2260 .

981 2277 1096 2322 Epist.
1121 2286 1164 2309 ex
1187 2275 1299 2308 Ponto
1325 2277 1357 2318 1,
1381 2277 1415 2316 3,
1439 2276 1518 2316 33„
1548 2277 1690 2308 notante
1714 2275 1791 2308 ct:

980 2328 1078 2377 optat
1098 2322 1245 2355 Fumum
1268 2321 1311 2354 de
1335 2322 1464 2366 patriis
1478 2332 1581 2377 posse
1600 2322 1718 2354 videre
1730 2323 1791 2364 so-
1842 2339 1844 2341 >

980 2371 1039 2404 cis.
1089 2368 1134 2401 cf.
1157 2365 1196 2408 ε’,
1224 2368 1334 2402 151—
1292 2368 1429 2409 —-1.53‚
1461 2365 1612 2411 η’,,224
1633 2367 1715 2402 225.

1030 2417 1087 2450 60.
1137 2411 1449 2456 ἐντρέπεται,
1482 2415 1660 2469 flectitur,

984 2503 1145 2542 οὕνεκ’
1166 2503 1254 2540 ’.Οδ
1280 2505 1394 2539 5ἰοΑ.
1419 2505 1478 2545 4.

983 2601 1103 2655 vulgo:
1129 2617 1173 2623 —
1194 2595 1432 2656 Ὀλύμωπιε
1444 2598 1557 2641 (vett.
1578 2598 1677 2633 edd.=
1701 2595 1794 2635 ’.,Ολ

983 2645 1050 2678 W:
1073 2642 1152 2679 ’.Ολ
1162 2645 1200 2688 Ι)
1226 2641 1270 2679 οὔ
1293 2641 1339 2678 νύ
1363 2642 1400 2677 τ’
1422 2641 1523 2686 ’.,Οδ
1545 2649 1601 2678 131·
1624 2643 1722 2677 illata
1745 2655 1792 2676 νυ
1842 2640 1846 2650 ’

985 2691 1173 2736 particula,
1220 2690 1375 2723 oratione
1420 2695 1532 2724 autem
1564 2689 1674 2724 minus
1710 2700 1796 2722 con—
1835 2697 1851 2732 ,ε’-

985 2738 1096 2770 cinna.
1147 2736 1222 2781 ori„
1214 2749 1246 2769 0
1293 2735 1425 2769 fraudis
1460 2736 1596 2769 videtur
1638 2734 1798 2769 ducenda

987 2794 1064 2816 esse
1089 2783 1132 2816 ab
1157 2794 1219 2823 eo,
1259 2782 1349 2825 quod
1385 2781 1512 2816 similes
1535 2784 1616 2814 sunt
1640 2780 1676 2814 in
1699 2780 1796 2814 libris

985 2842 1026 2868 κ,
1063 2840 1084 2864 σ
1115 2832 1152 2862 et
1184 2842 1205 2862 τ
1237 2828 1386 2861 litterae.
1435 2827 1659 2881 scripserunt
1687 2826 1797 2871 igitur

987 2872 1131 2914 ου’νεσ’,
1166 2872 1313 2915 ουνετ’,
1347 2873 1489 2913 deinde,
1524 2872 1615 2918 quod
1649 2871 1796 2928 intelligi

988 2926 1125 2967 posset,
1159 2920 1204 2956 οὔ
1239 2919 1284 2956 2v'
1319 2917 1368 2954 τ.
1416 2929 1450 2952 v,
1487 2930 1566 2954 ann.
1603 2917 1647 2952 ad
1680 2918 1721 2952 Il.
1752 2917 1800 2959 ν’,

987 2968 1081 3010 494,
1114 2965 1165 3010 φ’
1193 2970 1247 3002 18.
1286 2965 1379 2999 aliud
1411 2965 1601 3009 exemplum
1635 2964 1798 2998 librorum

988 3014 1031 3048 ad
1075 3013 1303 3060 corruptelam
1346 3011 1613 3055 conspirantium
1656 3009 1801 3056 protulit

1431 1398 1522 1432 unde
1559 1398 1673 1433 αἴσσω
1707 1398 1805 1431 sive*

982 2464 1150 2496 movetur.
1199 2470 1233 2492 v.
1272 2470 1350 2495 ann.
1391 2459 1435 2494 ad
1467 2457 1588 2503 11.ο’,
1623 2423 1794 2496 5546012-
1834 2462 1839 2502 ς]

1513 2506 1694 2551 praeclara
1716 2516 1795 2539 sen·
1843 2522 1846 2527 <

983 2553 1116 2595 tentia,
1147 2552 1244 2596 cujus
1268 2548 1397 2584 merito'
1412 2530 1578 2586 rationem
1602 2552 1724 2586 habuit
1747 2550 1794 2584 N.
1834 2565 1845 2598 3*
