1856 3282
523 167 1101 210 ΟΔΤΣΣΕΙΑΣ
1157 167 1212 206 Π.

1606 164 1690 207 2ὂ5

217 278 304 333 (ov
332 278 416 334 γάρ
448 294 515 321 πω
544 276 750 321 πάντεσσι
778 277 875 321 θεοὶ
906 277 1141 332 φαίνονται
1169 275 1406 346 ἐναργεῖς),

218 334 312 378 ἀλλ’
342 333 549 385 Ὀδυσεύς
577 351 642 385 τε,
673 334 801 384 κύνες
829 350 900 383 τε,
931 335 1051 384 ἴδον,
1081 333 1155 374 καί
1185 330 1227 386 ῤ’
1258 330 1336 387 οὐχ
1365 329 1568 386 ὑλάοντο,

218 395 471 462 κνυζηθμῷ
485 391 524 433 6’
557 390 735 444 ἑτέρωσε
765 389 838 433 διὰ
867 392 1080 443 σταθμοῖο
1111 387 1321 443 φόβηθεν

218 466 246 502 η
278 448 320 490 6’
353 447 423 499 ἄρ’
456 446 524 490 ἐπ’
555 445 722 515 ὀφρύσι
749 450 898 489 νεῦσε·
930 446 1062 502 νόησε
1092 444 1138 488 δὲ
1168 446 1261 495 δῖος
1281 443 1535 497 Οδυσσεύς,

111 510 187 550 165
218 504 264 547 ἐκ
295 503 337 547 δ’
371 501 502 558 ἦλθεν
531 503 739 557 μεγάροιο
769 502 906 556 παρὲκ
934 503 1042 557 μέγα
1071 501 1227 555 τειχίον
1257 499 1405 572 αὐλῆς,

218 563 294 615 στῆ
325 559 371 602 δὲ
400 558 583 613 παροιθ·’
618 558 760 627 αὐτῆς.
808 557 887 601 τόν
917 558 964 601 δὲ
996 558 1252 627 προσέειπεν
1276 556 1458 612 ’Λθήνη-

295 616 540 674 ,,Διογενὲς
568 615 836 687 Λαερτιάδη,
865 613 1138 684 πολυμήχαν’
1165 610 1390 666 Ὀδυσσεῦ,

215 671 326 742 ἤδη
329 677 411 715 νῦν
442 676 503 729 σῷ
534 673 654 715 παιδὶ
684 672 783 721 ε’πος
813 671 932 726 φάο,
963 671 1064 742 μηδ’
1096 670 1308 720 επίκευθε,

215 746 274 779 ως
306 728 361 770 ἂν
388 732 653 799 μνηστῆρσιν
680 727 877 770 θάνατον
906 728 979 770 καὶ
1007 725 1111 782 κῆρ’
1140 724 1372 792 α’ραρόντε

106 790 185 830 170
215 785 432 856 ε’ρχησθον
457 785 592 855 προτὶ
620 783 730 827 ἄστυ
760 783 1040 837 περικλυτόν·
1072 780 1171 826 οὐδ’
1201 780 1284 834 ἐγω
1317 777 1426 836 αὐτή

216 841 354 897 δηρὸν
383 840 470 885 απὸ
502 844 646 896 σφι-ὄϊν
675 840 852 890 ε’σομαι,
884 843 1075 910 μεμαυῖα
1103 836 1368 893 μάχεσθαι.“

300 901 362 950 H,
392 898 464 942 καὶ
492 898 670 969 χρυσείῃ
701 895 850 966 ῥάβδῳ
881 894 1142 965 ἐπεμάσσατ’
1170 894 1343 951 Ἀθήνη.

214 957 375 1022 φᾶρος
386 955 467 1008 μέν
496 955 544 996 οἱ
567 956 745 1006 πρῶτον
773 951 1003 1004 ἐϋπλυνὲς,
1033 951 1109 1007 ἠδὲ
1137 967 1310 1006 χιτωνα,

211 1009 317 1064 θῆκ’
349 1007 462 1065 ἀμφὶ
490 1008 719 1077 στήθεσσι·
750 1007 882 1063 δέμας
911 1008 953 1052 δ’
986 1006 1175 1078 ω’φελλε,
1206 1008 1279 1051 καὶ
1308 1007 1441 1062 ἥβην·

105 1070 184 1112 175
213 1065 275 1114 οὶψ
305 1066 350 1109 δὲ
379 1063 664 1137 μελαγχροιὴς
691 1064 862 1118 γένετο,

891 1067 1086 1120 γναθμοὶ
1117 1063 1160 1108 6'
1191 1063 1453 1108 ἐτάνυσθεν“

212 1121 396 1165 κυάνεαι
425 1121 467 1164 δ’
496 1122 696 1175 ἐγένοντο
724 1119 944 1189 γενειάδες
974 1121 1089 1177 ἀμφὶ
1116 1121 1296 1192 γένειον.

211 1176 238 1233 ἡ
269 1194 347 1233 μεν
377 1176 452 1235 ἄρ’
484 1176 542 1229 ὡς
573 1178 730 1232 ε’ρξασα
759 1176 894 1221 πάλιν
921 1179 1041 1221 κίεν·
1074 1176 1214 1231 αὐτὰρ
1242 1174 1476 1228 Ὀδυσσεύς

42 1339 100 1368 να,
128 1325 206 1376 Οἴῳ
233 1324 451 1371 φαινομένη,
473 1326 548 1361 τῶν
571 1323 611 1362 δ’
637 1322 755 1362 ἄλλων
779 1323 846 1362 οὔ·

41 1385 97 1413 τις
121 1370 246 1417 ὁρᾶτο.
276 1373 368 1406 ‘.Cl

92 1419 299 1455 161—165.
337 1431 453 1453 ου-
475 1416 708 1462 ἐναργεῖς.
732 1418 778 1451 cf.
798 1414 846 1462 η’,

43 1463 385 1508 201,11.υ’.,131
407 1483 452 1488 —
494 1466 566 1498 Am.
592 1465 636 1506 Q.
662 1464 782 1502 etB„
810 1472 846 1497 et

41 1511 145 1544 sch.·
167 1511 438 1557 κνυζηθμῷ
471 1508 555 1566 ἤτοι
574 1511 797 1556 ποππυσμῷ,
821 1508 846 1555 ἢ

42 1555 134 1601 μετὰ
158 1558 374 1600 κλαυθμοῦ·
400 1557 500 1602 ποιῷ
518 1554 594 1602 ἤχῳ
617 1558 691 1592 τῶν
711 1558 846 1591 κυνῶν.

43 1606 109 1682 εΑἰΞ
116 1603 264 1682 1236stth
282 1601 611 1694 ἕίιῗιίῗὶιίῇιιηχῗᾶυεῐη
622 1603 849 1693 Υιιῖῗςενῖἰῗ

43 1695 94 1728 sel
118 1696 266 1737 entflvhu
290 1697 338 1728 sie
361 1707 424 1729 zur
447 1696 581 1729 andern
602 1697 685 1729 seire
708 1698 768 1728 des
787 1696 848 1728 Ιιο-

38 1742 108 1784 jes.
156 1742 269 1785 δῆλον
303 1739 360 1782 δὲ,
395 1741 506 1795 inquit
535 1742 588 1782 Ε,
622 1755 672 1783 ως
707 1739 746 1776 ἐκ
779 1742 850 1797 τρῦ

44 1799 130 1828 κνυ
118 1788 164 1820 ὦ
195 1785 360 1830 κνυζήσω
396 1783 415 1821 6
448 1787 678 1845 κνυζηθμός,
714 1784 763 1827 ὥς
788 1785 850 1830 ὀρ-

43 1832 141 1878 χήσω
157 1830 368 1878 ὀρχηθμός·
391 1833 452 1868 καὶ
471 1831 521 1874 ὧς
539 1832 626 1868 ἄλλο
644 1833 744 1877 ῥῆμα
756 1834 847 1869 τοῦ-

43 1891 86 1914 το
111 1879 212 1922 παρὰ
245 1879 286 1914 τὸ
321 1878 542 1935 κνυζώσω
577 1880 628 1915 δέ
652 1880 697 1914 οἱ
721 1880 846 1924 (τοι)

43 1924 153 1961 όσσε
176 1924 247 1970 (ν’,
271 1926 382 1970 401.).
425 1922 516 1962 ὥστε
547 1925 589 1961 τὸ
619 1927 738 1968 κνυζαῖ
759 1930 847 1961 πολ-

43 1975 123 2013 λαῖς
146 1973 356 2017 μεμέρισται
385 1974 593 2019 συζυγίαις·
623 1974 753 2017 τριχῶς
775 1985 847 2016 γαρ

43 2018 214 2063 φέρεται,
238 2019 359 2062 κνυζιό
380 2022 539 2062 κνυζεῖς,
563 2020 680 2062 κνυζῶ
700 2019 845 2062 κνυζᾷς,

43 2063 93 2105 ὥς
122 2064 161 2100 ἐν
194 2068 274 2106 τοῖς
305 2065 375 2100 τοῦ
402 2064 625 2110 Ἀθηναίου,
661 2079 693 2121 u:
728 2065 848 2107 κνυζῶ

41 2110 197 2153 κνυζοῖς.
223 2131 269 2136 -
310 2111 431 2148 ἰστέον
461 2111 502 2148 δε
536 2125 593 2148 οτι
621 2110 713 2157 πρὸς
738 2111 846 2155 τέρας

40 2156 216 2212 ἐλαλήθη
247 2157 289 2192 τό
325 2155 376 2202 μή
416 2155 542 2195 &avim
577 2170 667 2200 τους
708 2156 842 2198 κύνας·

41 2203 150 2248 ἐχρῆν
171 2217 241 2248 γαρ
257 2203 417 2263 Ἀθηνᾶς
437 2203 677 2260 ἐπιφανείσης
697 2217 846 2262 τερατο-

40 2252 248 2294 λογηθῆναι
281 2252 343 2286 καὶ
385 2250 560 2288 τοιοῦτόν
593 2265 646 2290 τι,
687 2264 736 2292 ως
773 2250 846 2295 ἄρα

39 2298 265 2341 πτοηθέντες
289 2295 408 2353 αῦτὴν
438 2299 472 2334 οἱ
497 2298 602 2339 κύνες
625 2297 777 2343 εᾛφυγον
799 2316 845 2322 —-

41 2342 278 2388 φόβηθεν.
314 2343 351 2377 n.
377 2342 416 2386 ε’,
439 2345 528 2385 498,
551 2343 600 2387 μ’,
621 2344 690 2379 470
712 2351 779 2378 etc.
808 2361 845 2368 -

40 2391 232 2433 τειχίον,
260 2391 390 2433 τεῖχος.
423 2391 551 2436 alioqui
576 2391 728 2434 ineptum
752 2395 845 2424 esset

43 2435 143 2480 μέγα.
182 2436 227 2469 cf.
260 2436 340 2472 343.
386 2436 467 2470 Sch.
500 2438 555 2471 ed.
588 2443 680 2471 ant...
711 2437 770 2482 θρ
783 2449 844 2480 ιγ

41 2484 150 2517 κίον
174 2482 274 2526 (εἰσ).
308 2479 350 2517 τό
373 2483 622 2528 περίφραγμα.

90 2539 281 2575 168—170.
325 2552 445 2580 φαεο
470 2541 551 2582 (sic,
570 2540 656 2574 male
674 2539 842 2595 quidem).

41 2585 130 2640 λέγε.
172 2586 216 2619 cf.
243 2583 287 2626 ο’,
312 2587 389 2621 171.
427 2586 483 2620 Ε.
507 2585 548 2621 td
579 2585 619 2621 δὲ
645 2585 734 2630 φάο
759 2584 843 2621 δεύ-

41 2631 149 2686 τερὸν
167 2629 242 2666 ἐστι
263 2631 390 2666 κοινὸν
410 2631 610 2675 πρόσωπον
627 2644 844 2676 προστακτι-

41 2675 121 2720 adv,
144 2676 337 2734 γινόμενον
361 2676 400 2713 ἐκ
422 2679 490 2713 τοῦ
511 2690 610 2723 φασο
631 2677 754 2725 ἐνδείᾳ
774 2679 844 2713 τοῦ

43 2735 76 2759 σ.
102 2743 147 2749 -
187 2723 231 2758 τὸ
265 2721 305 2758 δὲ
345 2721 578 2769 ἀραρόντε
616 2716 844 2781 δύσχρηστον

41 2783 109 2814 μεν
132 2769 183 2826 εἰς
203 2769 420 2815 ῥητορείαν,
452 2773 544 2806 νοῦν
574 2768 614 2806 δὲ
648 2768 845 2815 υποβάλλει

41 2815 198 2869 χρηστόν
239 2814 279 2851 ἐν
317 2818 369 2863 τῷ
409 2815 516 2851 θαν.
550 2815 642 2861 ἄρ.,
681 2817 857 2853 τουτέστι.

38 2874 326 2965 ἔξέἷηᾷἶῖἕῖἵϊ
357 2860 843 2967 {3²3⁰‘Z‘233w2v‘252‘5a76‘3

40 2955 93 2990 xit
115 2953 178 3000 ω’,
203 2957 278 2991 153
303 2922 350 2981 Z-
386 2953 504 2992 ἄστυ
536 2924 840 3002 ἷεερικλυτόν.

39 2982 332 3045 &‘‚9,m'‚.153

939 1328 1016 1363 172.
1065 1328 1111 1362 cf.
1134 1325 1177 1369 ν’,
1200 1327 1279 1368 429,
1307 1323 1351 1370 κ’,
1373 1328 1440 1363 938
1464 1328 1552 1368 etc.‚
1575 1324 1619 1360 de
1637 1326 1694 1359 to-

890 1377 926 1408 to
952 1379 1063 1408 autem
1087 1375 1153 1409 hoc
1176 1374 1250 1408 loco
1275 1373 1313 1416 ζ,
1336 1374 1458 1408 229-
1468 1374 1548 1408 231.

939 1432 1062 1466 173-
1074 1433 1152 1467 179.
1195 1433 1407 1476 φᾶρος-
1427 1430 1614 1475 χιτῶνα.
1640 1426 1694 1470 θ’,

891 1477 955 1531 39‚’
988 1474 1038 1518 ν’,
1061 1479 1106 1513 67
1132 1484 1198 1514 etc
1244 1481 1318 1512 Αιιι.
1342 1477 1406 1511 Β..
1446 1453 1696 1515 ἐῢπλυνέςῖ

894 1535 962 1567 ουχ
986 1536 1126 1566 ετερον.
1153 1521 1251 1566 ἀλλ’,
1275 1522 1362 1566 ὅπερ
1387 1522 1497 1582 εἶχεν,
1522 1518 1697 1562 εὐπλυνες

892 1569 955 1604 καὶ
987 1569 1154 1616 λαμπρὸν
1196 1572 1399 1614 φαίνεσθαι
1441 1568 1621 1623 ἐποίησεν.
1651 1586 1696 1592 --

895 1614 1093 1660 ὤφελλε,
1118 1618 1227 1651 auxit.
1263 1616 1306 1657 ο’,
1330 1616 1460 1659 21,11.
1485 1614 1534 1660 γ’,
1559 1615 1604 1650 62
1628 1617 1695 1648 etc.

894 1682 940 1687 —-
972 1665 1044 1697 Am.
1070 1663 1136 1704 Q..
1179 1660 1243 1706 αψ
1281 1661 1330 1697 δὲ
1361 1642 1696 1718 μελαγχροιής.

896 1706 1095 1750 ὀξυτόνως.
1125 1710 1234 1744 τοῦ-,ο
1258 1711 1297 1744 δὲ
1312 1707 1405 1743 κατοὶ
1424 1705 1607 1753 συγκοπὴν
1622 1705 1698 1740 Ἀτ-

893 1755 989 1790 τικοὶ
1013 1755 1198 1800 μέλαγχρ..
1257 1754 1461 1800 κλαγχρής)
1486 1765 1622 1800 φασιν,
1646 1750 1698 1792 ὡς

894 1800 1068 1843 Εὔπολις.
1113 1803 1161 1845 (ν.
1187 1803 1382 1836 Buttmann.
1406 1802 1440 1835 h.
1464 1801 1487 1836 l.
1523 1805 1559 1834 et
1591 1800 1695 1833 Schn.

892 1859 926 1882 ν.
950 1846 1160 1891 μελαγχρής.
1208 1849 1293 1883 male
1322 1848 1512 1882 habuerunt
1539 1845 1697 1880 Scholia-

892 1900 964 1928 stas
987 1894 1069 1927 flavi
1095 1894 1205 1928 crines
1230 1895 1378 1939 Ulyssis‚
1403 1906 1488 1939 quos
1514 1896 1616 1950 ροὸῐιι
1640 1891 1694 1925 (11-

893 1940 942 1973 cit
964 1939 995 1975 ν’
1009 1942 1122 1983 ,399.
1150 1941 1192 1974 de
1225 1942 1289 1974 hoc
1323 1944 1396 1975 Am.
1424 1941 1468 1981 Q.
1491 1938 1633 1998 ζήτημα
1658 1943 1696 1974 et

892 1984 996 2021 λυσιν
1019 1986 1182 2031 apposuit
1208 1986 1300 2041 hjsce
1331 1986 1446 2021 verbis
1459 1987 1489 2031 z)
1524 1986 1586 2022 καὶ
1616 1985 1695 2024 πῶς

893 2031 932 2067 ἐν
951 2034 996 2077 τῇ
1012 2031 1294 2090 μεταμορφώσει
1313 2033 1417 2078 φησὶ,
1442 2031 1627 2076 ξανθὰς
1651 2029 1693 2066 δ’

893 2077 938 2135 ἐξ
960 2081 1173 2135 κεφαλῆς
1195 2077 1338 2115 ὀλέσω
1364 2082 1543 2125 τρίχας,·
1570 2090 1695 2134 φαμεν

892 2137 978 2170 ουν,
1009 2125 1101 2169 πρὸς
1131 2124 1173 2161 ‘co'
1206 2125 1371 2163 πιθανὸν
1402 2127 1466 2171 τῆς
1496 2123 1694 2168 φαλακρώ-

891 2183 991 2211 σεως.
1016 2173 1069 2215 (Ιι.
1096 2184 1126 2206 e.
1149 2179 1187 2206 ut
1210 2173 1328 2208 calvus
1350 2173 1455 2207 fuisse
1478 2174 1623 2227 Uiysses
1641 2171 1694 2204 vi-

892 2218 1046 2262 deatur.)
1088 2218 1128 2253 αἱ
1160 2219 1230 2264 γιὶρ
1263 2219 1400 2262 ξανθαὶ
1428 2221 1542 2264 τρίχες
1565 2216 1695 2262 ἀραιαί

893 2267 983 2306 εἰσι,
1017 2278 1048 2299 κ.
1072 2264 1226 2309 εὖχερηις
1250 2267 1538 2310 φαλακροῦνται.
1581 2263 1694 2301 ὀλέσω

893 2307 961 2346 οὖν
994 2306 1059 2351 τοὶς
1093 2313 1237 2355 τρίχας,
1281 2311 1441 2356 ἔμφασιν
1483 2312 1695 2356 παρέχουσα

891 2358 976 2401 (ἱιιιο
999 2357 1246 2412 παρεχονσας)
1280 2358 1520 2404 ξανθότητος.
1555 2357 1694 2400 (delebo

890 2403 999 2448 igitur
1023 2403 1154 2443 crines,
1187 2403 1243 2450 qui
1268 2406 1431 2461 speciem
1440 2403 1570 2440 calvitii
1596 2414 1696 2448 prae-

891 2448 1000 2493 bent.)
1037 2463 1099 2485 και
1119 2429 1157 2484 o}
1179 2451 1373 2507 φαλακροὶ
1386 2450 1455 2496 γάρ
1480 2450 1625 2496 ἔχουσιν
1641 2447 1696 2484 ἐλ-

889 2497 1087 2540 λείμματα
1112 2496 1308 2532 δεικνύντα
1331 2511 1398 2541 την
1420 2497 1612 2552 προτέραν
1617 2495 1697 2539 τρί-

889 2554 1012 2586 χωσιν.
1056 2554 1089 2577 ν.
1114 2555 1191 2577 ann.
1216 2544 1260 2577 ad
1285 2542 1328 2585 ν’,
1352 2544 1373 2580 l.
1398 2556 1428 2578 c.
1453 2563 1497 2569 —
1532 2541 1696 2580 ἐτάνυ-

890 2591 1015 2629 σθεν,
1039 2587 1306 2635 ἔτανύσθησαν,
1330 2591 1470 2624 distenti
1487 2595 1577 2632 sunt,
1604 2589 1638 2622 h.
1663 2599 1694 2621 e.

889 2614 1060 2679 pimini-es
1084 2635 1235 2678 redditi,
1261 2648 1336 2670 cum
1361 2636 1464 2670 macri
1489 2633 1700 2670 essent-110

887 2680 936 2721 π’,
960 2680 1038 2716 475.
1062 2679 1158 2717 ἐτάν.
1208 2684 1246 2716 Α.
1270 2683 1302 2716 2.
1328 2687 1362 2715 et
1386 2683 1442 2719 3..
1474 2687 1509 2716 et
1533 2683 1575 2716 Ε.
1620 2680 1695 2714 vu!-

888 2738 953 2771 go:
980 2725 1181 2770 τάνυσθεν,
1204 2727 1369 2762 debiliore
1385 2706 1518 2772 quidem
1541 2736 1692 2762 numero.

891 2791 935 2797 —
959 2772 1215 2816 γενειάδες.
1250 2773 1300 2806 sic
1318 2773 1418 2807 iidem
1435 2774 1535 2808 codd.
1557 2778 1592 2808 et
1608 2782 1694 2806 non-

890 2817 972 2851 nulli
997 2819 1152 2853 Thomae
1174 2819 1342 2863 Bentleji,
1373 2819 1437 2860 W,
1462 2819 1502 2854 B.
1550 2819 1627 2854 Ald.
1657 2818 1691 2853 3.

893 2875 971 2897 vero
998 2869 1034 2897 et
1052 2866 1155 2909 vulgo
1176 2865 1279 2899 edd.=
1301 2863 1501 2908 έθειρᾶδες.
1549 2865 1602 2898 E:
1626 2875 1693 2908 ya-

888 2908 1076 2951 νειάδες
1098 2910 1122 2955 ἢ
1147 2909 1416 2954 maeoniam.
1461 2916 1515 2945 est
1538 2909 1689 2944 1ιιιεοίΙ-

888 2955 952 2988 nus
982 2955 1242 3001 interpretatio,
1278 2956 1339 2990 sed
1372 2957 1478 2998 salsa,
1520 2955 1687 3001 siquidem

886 3001 1038 3045 ἐθειράς
1071 3003 1145 3038 nive
1168 3001 1296 3047 ἔθειρα
1328 3001 1502 3048 significat
1532 3001 1684 3048 capnios,
