1856 3282
120 119 205 160 208

758 115 1158 159 ΟΜΗΡΟΥ

290 224 433 278 ,,ξεῖν’
445 261 457 278 ,
485 225 576 271 ἐπεὶ
604 225 705 269 οὔτε
734 240 876 279 κακω,
906 223 1004 268 οὔτ’
1035 224 1198 295 ἄφρονι
1227 224 1341 297 φωτὶ
1370 224 1524 278 ἔοικας,

290 282 402 333 Ζεὺς
432 280 476 326 δ’
508 281 644 333 αυτὸς
672 280 789 337 νέμει
819 260 955 336 όλβον
981 280 1216 336 Ὀλύμπιος
1245 280 1564 336 ἄνθρωποισιν,

291 338 466 390 ἐσθλοῖς
493 337 571 394 ήδὲ
599 344 822 388 κακοῖσιν,
856 337 973 387 ὅπως
1003 337 1228 407 ἐθέλῃσιν,
1259 337 1446 398 ἑκάστῳ·

177 399 258 439 190
287 397 362 438 καί
388 410 478 438 που
509 396 580 438 σοὶ
607 393 704 449 τοίγ’
735 394 889 445 ἔδωκε,
921 393 967 437 σὲ
994 393 1040 437 δὲ
1067 393 1157 464 χρή
1179 384 1407 448 τετλάμεν
1410 394 1561 464 {Quane

287 454 374 493 νῦν
403 450 446 495 δ’
457 483 477 512 ⁹.
498 451 590 494 ἐπεὶ
617 450 830 507 ἡμετέρην
858 465 904 492 τε
932 447 1060 494 πόλιν
1087 449 1162 493 καὶ
1190 454 1321 505 γαῖαν
1351 451 1529 503 ἱκάνεις,

286 506 385 550 οὔτ’
421 505 505 551 οὗν
527 507 716 578 ἐσθῆτος
745 505 969 561 δευήσεαι,
1000 506 1101 549 οὔτε
1128 521 1203 549 τευ
1233 506 1380 561 ἄλλον,

287 564 372 605 ῶν
380 563 538 619 ἐπέοιχ’
570 565 713 618 ἱκέτην
745 564 1028 616 ταλαπείριον
1057 561 1333 606 ἄντιασαντα.

286 619 396 662 α’στυ
427 620 474 663 δέ
504 636 574 662 τοι
604 621 753 671 δείξω,
783 619 890 690 ἐρέω
920 619 968 662 δέ
997 635 1066 663 τοι
1100 617 1272 673 οὕνομα
1299 622 1431 663 λαῶν.

177 678 256 721 195
288 678 478 747 Φαίηκες
507 692 586 730 μεν
614 674 744 746 τήνδε
773 675 902 720 πόλιν
933 675 1006 719 καὶ
1034 680 1166 746 γαῖαν
1196 676 1385 744 ἔχουσιν,

284 733 368 786 εἰμὶ
400 731 440 775 δ’
474 733 556 787 ἐγώ
586 732 785 801 θυγατηρ
802 731 1112 803 μεγαλήτορος
1134 730 1440 812 Ἀλκινόοιο,“

282 792 364 832 τοῦ
393 789 439 832 δ’
464 789 516 831 ὲκ
546 788 756 844 Φαιήκων
785 788 923 845 ἔχεται
951 788 1111 844 κάρτος
1140 804 1208 841 τε,
1241 790 1313 844 βίη
1343 789 1423 832 τε.ι

391 867 470 902 dein
493 867 658 903 resistere
680 869 780 912 jubet
802 868 963 910 ancillas,
988 871 1024 902 et
1047 879 1161 902 curam
1184 867 1330 913 hospitis
1352 866 1496 902 habere.

358 929 420 976 H
445 951 526 989 ρα,
557 935 633 979 καὶ
663 934 980 990 ἀμφιπόλοισιν
1008 935 1325 1005 ἐϋπλοκάμοισι
1354 935 1547 978 κέλευσε·

282 991 447 1058 ,,στῆτε’
477 1007 573 1059 μοι,
603 990 873 1048 ἀμφίπολοι]
901 992 1010 1036 πόσε
1040 991 1244 1065 φεύγετε,
1278 995 1409 1062 φῶτα
1434 993 1631 1039 ἰδοῦσαι,

171 1051 253 1092 200
282 1047 305 1075 *
333 1052 359 1101 ἡ
389 1047 447 1103 μή
477 1047 566 1091 πού
596 1064 694 1092 τινα
702 1048 971 1119 δυσμενέων
1001 1048 1144 1103 φάσθ’
1175 1049 1354 1120 ἔμμεναι
1384 1045 1583 1102 ἄνδρων;

285 1102 368 1148 οὐκ
398 1103 499 1148 ἐσθ’
530 1106 660 1156 οὗτος
689 1103 801 1162 ἀνήρ
833 1105 974 1161 διερὸς
1002 1104 1181 1161 βροτὸς,
1214 1103 1319 1149 ου’δὲ
1346 1104 1535 1162 γένηται,

164 1193 370 1229 187-197.
408 1192 511 1230 ἔπει
538 1215 579 1220 -
605 1194 790 1237 ἔοικας,
814 1207 922 1240 quon-

115 1238 185 1272 iam
204 1244 238 1273 et
262 1241 382 1274 nobilis
404 1246 437 1274 et
453 1242 603 1285 prudens
620 1243 758 1283 videris,
781 1241 921 1285 dignus-

115 1296 194 1329 que,
220 1284 274 1317 cui
291 1287 515 1330 respondeam
562 1288 652 1320 hunc
672 1287 803 1320 ferme
794 1298 828 1319 in
849 1298 922 1320 mo-

115 1332 193 1364 dum
218 1328 293 1365 ἐπεὶ
318 1332 401 1365 illud
425 1333 586 1377 frequens
605 1332 771 1377 principio
791 1333 919 1365 Home-

115 1377 261 1409 ricarum
295 1378 483 1411 orationum
515 1378 754 1424 explicandum
782 1383 846 1412 est.
872 1397 918 1402 -—

114 1422 245 1466 κακῷ,
271 1427 506 1459 κακοῖσιν.
540 1425 578 1468 ig
564 1425 793 1458 mobilitatem
807 1435 917 1469 gene·

112 1470 162 1501 ris
192 1468 296 1504 dicit.
327 1481 393 1503 non
425 1469 616 1514 ignaviam,
650 1476 688 1504 ut
723 1470 828 1503 visum
864 1472 916 1503 est

112 1513 359 1559 interpretibus
392 1515 527 1548 latinis:
563 1527 672 1560 neque
706 1516 791 1549 enim
816 1516 916 1559 igna-

114 1572 135 1591 v
139 1571 231 1594 orum
243 1572 325 1605 opes
335 1562 511 1594 fortunare
522 1561 657 1605 Jupiter
669 1563 838 1606 putandus
851 1565 916 1594 est.

114 1605 254 1639 Vossius
271 1607 376 1640 verbo
392 1618 503 1651 aeque
515 1608 690 1650 ambiguo.
709 1609 916 1650 faeemdling,

112 1652 246 1685 dieueil
279 1653 356 1685 Iccin
391 1653 583 1686 schlechter
616 1654 702 1686 noch
732 1653 919 1687 thijrichter

111 1709 218 1730 mann
243 1698 288 1731 (Ιιι
312 1699 528 1732 erscheinest.
577 1699 637 1731 sed
667 1699 822 1743 apertius
853 1710 917 1743 po-

110 1742 259 1777 steriore
282 1744 379 1777 loco.
413 1744 498 1777 doch
524 1745 613 1777 Zeus
636 1746 744 1778 selber
767 1744 915 1786 ertheilt,

111 1790 174 1822 der
200 1790 390 1832 Olympier,
407 1790 596 1834 jeglt'chem
615 1791 814 1833 menschen,
842 1790 916 1822 Ed-

111 1835 165 1868 len
189 1846 227 1869 so
252 1834 318 1868 wie
341 1836 524 1880 geriugen,
549 1836 638 1868 nach
662 1837 803 1880 cigener
824 1835 918 1868 wahl

110 1881 166 1914 ihr
187 1881 410 1925 verhdngnis.
446 1881 566 1915 vellem
593 1883 656 1915 hoc
675 1883 731 1915 vel
756 1881 915 1926 quiddam

110 1926 219 1960 simile
232 1926 374 1960 dixisset
386 1926 439 1960 vir
451 1927 672 1961 clarissimus:
693 1929 781 1960 Zeus
792 1927 916 1961 traun!

112 1974 229 2016 einzig
253 1977 337 2006 etc.:
369 1984 443 2005 nam
473 1972 563 2013 Ζεύς
588 1971 627 2007 δὲ
662 1979 714 2006 est
741 1972 830 2013 Ζεύς
855 1970 914 2017 δὴ,

110 2018 310 2062 falliturque
334 2017 388 2059 N,
421 2030 496 2052 cum
522 2019 608 2053 haec
631 2019 681 2052 ita
704 2020 916 2063 interpreta-

110 2069 186 2097 tur:
220 2065 300 2105 ‚.da
333 2064 377 2097 du
404 2064 536 2097 keinem
569 2065 764 2099 schlechten
790 2065 915 2099 Manne

110 2109 278 2154 gleichst‚
318 2109 466 2143 sondern
499 2110 609 2151 Zeus,
643 2111 703 2145 mit
733 2111 809 2145 dem
839 2122 916 2144 man

111 2156 206 2188 nicht
224 2155 365 2188 rechten
387 2156 476 2196 darf,
501 2156 556 2189 dir
574 2158 660 2190 nach
679 2157 804 2190 seinem
824 2157 915 2190 Her-

111 2201 274 2234 renrecht
287 2202 468 2235 Schweres
485 2202 636 2235 auferlen
619 2207 657 2247 t
671 2203 745 2236 hat:
761 2215 797 2236 so
810 2204 916 2236 musst

112 2247 157 2280 du
179 2246 240 2279 das
259 2246 393 2280 freilich
413 2253 546 2290 tragen,
570 2249 623 2281 bei
641 2259 703 2281 uns
722 2249 803 2282 aber
818 2248 916 2282 solist

112 2292 156 2326 du
169 2294 192 2312 ‘⁶
218 2303 251 2325 u.
276 2302 303 2325 5.
327 2303 372 2325 w.
419 2293 533 2326 omisit
562 2294 762 2338 particulam
796 2296 835 2328 Α.
866 2295 914 2336 5.,

110 2349 174 2372 nec
199 2337 297 2371 male.
340 2335 507 2380 αὐτὸς,
532 2341 631 2372 solus.
666 2340 783 2374 Jovem
807 2340 912 2372 solum

110 2388 172 2418 aut
195 2384 316 2417 tollere
348 2387 408 2417 aut
436 2384 628 2428 deprimere
662 2386 711 2419 ait
742 2385 910 2425 homines;

110 2440 177 2474 quo
201 2440 328 2473 genere
357 2430 600 2463 sententiarum
631 2436 766 2465 scatent
791 2435 912 2476 poetae

111 2480 147 2509 et
171 2476 373 2531 5οιῐριοιε5.
420 2476 465 2508 cf.
490 2473 544 2516 α’,
568 2475 658 2519 348,
682 2478 750 2512 349
774 2484 841 2511 etc.
867 2496 911 2502 —

109 2519 363 2577 δευήσεαι,
399 2522 540 2554 carebis.
584 2523 618 2556 α’
630 2550 638 2564 ,
672 2524 741 2558 254
765 2528 831 2557 etc.
867 2541 911 2548 —-

110 2562 166 2600 ὦν
190 2585 237 2592 -—
266 2563 570 2602 ἅντιασαντα.
610 2568 716 2602 intell.
743 2581 784 2603 ex
793 2580 912 2624 supe-

110 2612 255 2647 rioribus
273 2612 323 2657 μή
341 2611 530 2648 δευεσθαι.
556 2625 590 2646 v.
610 2625 684 2648 ann.
705 2615 748 2648 ad
770 2613 815 2657 α’,
829 2616 909 2650 349.

109 2661 228 2702 quibus
259 2659 355 2693 haud
387 2660 483 2694 decet
515 2670 632 2693 carere
656 2662 859 2704 supplicem,
892 2673 911 2695 e

109 2707 295 2749 longinquo
317 2705 567 2740 advenientem.
616 2707 685 2739 Am.
718 2706 762 2746 Q.
788 2713 822 2739 et
846 2706 908 2740 H:

110 2752 443 2805 ταλαπείριον.
485 2748 555 2809 (η’,
580 2750 644 2791 24,
675 2749 724 2794 ρ’,
750 2751 795 2786 84
822 2753 909 2796 etc.)

108 2794 174 2831 τὸν
196 2799 450 2839 ταλαίπωρον,
477 2795 560 2842 ἤτοι
583 2796 650 2831 τὸν
670 2798 830 2841 τηλόθεν
848 2810 910 2833 πε-

108 2842 305 2885 περακότα.
350 2842 505 2877 similiter
529 2843 559 2877 E
591 2847 625 2877 et
648 2843 726 2876 Sch.
751 2845 822 2877 Am.
847 2843 908 2877 Β.·

109 2888 267 2933 τηλόθεν
289 2886 538 2930 πεπερακότα,
572 2885 596 2932 ἢ
627 2887 852 2934 πειραθέντα
875 2903 907 2924 κ.

109 2935 286 2970 παθόντα
309 2934 436 2970 πολλοὶ.
473 2936 911 2991 Αρ.ειιιειι(1.εταλαπεί-

111 2993 200 3024 ριος.
238 2980 320 3025 ἤτοι
352 2980 518 3025 τλητικὸς
547 2993 643 3016 κατα
673 2981 741 3026 τήν
762 2984 909 3027 πεῖραν,

968 1191 991 1240 ἢ
1024 1193 1183 1239 τηλόθεν
1217 1195 1557 1239 διαπεπειραμένος.
1582 1192 1638 1237 (’ἒ)
1681 1191 1768 1225 bene

967 1241 1070 1274 habet
1090 1240 1184 1286 prior
1200 1243 1317 1276 harum
1332 1238 1668 1298 interpretationum:
1692 1248 1768 1270 nam

966 1286 1090 1319 similia
1126 1288 1234 1321 verba
1262 1287 1480 1331 ταλαεργὸς,
1518 1280 1768 1328 ταλαπενθὴς,

965 1331 1197 1367 consideranti
1220 1338 1395 1389 appareat
1406 1342 1547 1366 necesse
1569 1334 1634 1371 est,
1658 1332 1768 1364 ταλα-

963 1379 1108 1420 πείριον
1138 1377 1208 1412 dici
1241 1391 1337 1420 eum,
1375 1376 1415 1419 ὃς
1438 1379 1505 1422 τλᾷ
1527 1378 1676 1420 πείρας,
1710 1387 1768 1420 qm

963 1425 1070 1457 audet
1085 1426 1209 1467 facere
1226 1425 1376 1466 itinera,
1403 1424 1457 1458 vel
1478 1424 1647 1466 suscipere
1669 1432 1769 1465 expe-

963 1471 1119 1504 ditiones.
1158 1471 1274 1505 Schol.
1308 1469 1489 1525 Sophoclis
1519 1470 1658 1523 Ajace,
1668 1469 1767 1503 277.-

962 1520 1148 1559 πεῖραν,
1171 1517 1340 1560 πορείαν,
1365 1514 1467 1552 ὁδόν.
1516 1511 1768 1550 οἷντιασαν-

961 1574 1028 1603 τα,
1046 1563 1182 1596 obviam
1197 1564 1337 1603 factum,
1354 1565 1599 1596 occurrentem.
1623 1559 1669 1605 η’,
1686 1560 1766 1602 293,

962 1605 1005 1647 ν’,
1025 1609 1094 1641 312
1117 1613 1181 1641 etc.
1200 1629 1246 1634 —
1269 1608 1355 1643 τοῦ
1379 1605 1421 1643 δ’
1442 1605 1492 1642 ἓκ
1512 1609 1554 1642 Φ.
1587 1616 1766 1651 perperam

961 1652 1061 1687 libri:
1085 1655 1154 1688 τοῦ
1179 1650 1217 1688 δ’
1240 1652 1279 1690 ἐκ
1306 1656 1347 1689 Φ.
1382 1665 1418 1688 v.
1441 1653 1488 1687 N.
1516 1658 1552 1687 et
1575 1653 1702 1686 Matth-

962 1700 1041 1733 922.
1069 1702 1099 1734 1.
1122 1700 1175 1733 ed.
1223 1700 1308 1736 τοῦ
1332 1696 1405 1739 δε,
1438 1699 1507 1735 τοῦ
1530 1695 1589 1742 δή.
1634 1698 1701 1731 H.=
1746 1709 1765 1731 κ

961 1745 1074 1778 τοῦδε
1108 1745 1228 1787 (scrib.
1264 1747 1335 1782 τοῦ
1369 1725 1429 1801 65)
1474 1743 1679 1801 ανήρτηται
1717 1742 1764 1778 τοὶ

960 1790 1159 1834 πράγματα
1191 1793 1266 1827 τῶν
1302 1790 1493 1835 Φαιήκων,
1530 1789 1552 1826 ὅ
1584 1788 1680 1825 ἐστιν
1713 1789 1766 1830 εἰς

961 1838 1108 1871 τοῦτον.
1151 1839 1233 1879 „cf.
1259 1837 1310 1878 λ’,
1334 1837 1414 1873 346.
1457 1836 1587 1870 Herod.
1613 1838 1659 1877 6,
1686 1835 1763 1870 109.

962 1882 1054 1916 circa
1079 1883 1198 1917 finem:
1222 1886 1342 1919 ταῦτα
1366 1895 1418 1917 ων
1434 1881 1556 1917 πάντα
1578 1880 1615 1921 ἐς
1638 1880 1676 1916 σὲ
1697 1882 1766 1916 νῦν

961 1930 1087 1970 τείνει,
1111 1929 1173 1963 και
1197 1928 1235 1965 ἐκ
1261 1932 1323 1966 σέο
1347 1942 1515 1984 αρτηται.
1529 1931 1553 1948 “
1578 1929 1612 1961 Ε
1634 1928 1678 1961 Ν

1006 1977 1086 2010 200.
1133 1970 1160 2018 ἧ
1181 1975 1240 2020 μή
1262 1974 1356 2011 πού
1381 1988 1489 2010 τινα
1514 1978 1578 2008 etc.
1615 1973 1692 2018 quis
1715 1972 1766 2006 ita

960 2020 1093 2054 locutus
1126 2027 1180 2056 est
1211 2033 1327 2067 pron
1351 2034 1426 2057 που
1452 2033 1536 2056 τινα
1558 2038 1604 2045 -·
1633 2019 1689 2054 vel
1712 2016 1765 2074 μή

961 2064 1034 2101 πού
1060 2079 1143 2101 τινα
1161 2087 1202 2093 —-
1218 2068 1238 2102 22
1269 2068 1474 2102 scribamus·
1501 2066 1536 2101 εἰ
1555 2064 1605 2110 μὴ
1635 2084 1673 2090 —
1697 2063 1763 2098 ἇν-

964 2113 1075 2154 δρῶν.
1127 2113 1170 2147 de
1195 2126 1227 2149 ει
1259 2117 1295 2148 et
1321 2126 1346 2158 η
1381 2112 1531 2147 confusis
1560 2123 1593 2146 v.
1623 2110 1761 2145 Jacobs.

960 2158 1074 2192 indice
1097 2159 1342 2204 Anthologiae,
1376 2169 1437 2192 nos
1462 2169 1539 2192 ann.
1575 2156 1618 2191 ad
1643 2159 1762 2201 poetas

960 2215 1052 2238 scen.
1077 2205 1223 2248 passim,
1243 2184 1419 2249 ealiosque.
1469 2204 1536 2236 nisi
1557 2205 1646 2244 forte
1673 2202 1761 2236 hune

959 2250 1088 2284 hostem
1111 2252 1258 2295 aliquem
1283 2262 1354 2284 esse
1382 2249 1613 2283 arbitramini.

1005 2296 1235 2332 201—210.
1284 2294 1368 2331 οὐκ
1403 2291 1508 2330 ἔσθ’
1543 2289 1684 2350 ουτος
1716 2312 1760 2318 —-

958 2340 1142 2386 βροτός.
1179 2341 1285 2375 ordo:
1315 2355 1382 2377 ουκ
1406 2339 1432 2376 ε’.
1459 2336 1568 2380 οὗτος
1587 2336 1680 2382 ἄνὴρ
1703 2339 1759 2394 βρ-

958 2387 1096 2430 διερὸς,
1121 2400 1188 2421 ηοπ
1211 2393 1281 2429 est,
1305 2399 1370 2422 non
1393 2387 1502 2428 vivit,
1526 2386 1691 2431 ejusmodi
1706 2386 1760 2419 vir

958 2434 1085 2478 agilis,
1119 2434 1152 2468 h.
1178 2446 1207 2467 e.
1242 2431 1341 2469 ου’τω
1365 2432 1510 2476 διερὸς,
1543 2438 1616 2466 tam
1640 2431 1758 2476 agilis.

957 2461 1140 2534 διερὸς,
1178 2491 1199 2513 a
1223 2480 1314 2521 δίω,
1357 2481 1512 2520 διαίνω,
1543 2478 1682 2523 proprie
1706 2481 1758 2510 est

954 2522 1086 2570 ὑγρὸς,
1119 2526 1314 2571 pariterque
1337 2531 1375 2560 ut
1399 2526 1482 2559 haec
1507 2535 1573 2558 vox
1605 2525 1656 2568 (v.
1679 2533 1757 2556 ann.

955 2571 999 2606 ad
1023 2571 1132 2616 soph.
1152 2572 1267 2615 Antig.
1295 2572 1413 2614 1138.)
1438 2574 1623 2624 usurpatur
1649 2580 1757 2622 μετα-

956 2618 1120 2661 φορικῶς
1137 2617 1179 2649 ad
1195 2617 1453 2661 significandam
1473 2615 1672 2660 agilitatem.
1708 2613 1759 2648 si-

956 2663 1034 2697 mile
1058 2663 1304 2697 Germanorum
1328 2664 1448 2697 vocab.
1477 2666 1531 2695 est
1561 2659 1756 2714 geschmen'-

956 2709 1043 2753 dig;
1081 2707 1136 2741 hic
1167 2712 1277 2743 tamen
1306 2707 1402 2753 α’νῇρ
1433 2703 1553 2751 διερὸς
1583 2705 1757 2749 significat

956 2756 1054 2788 einen
1085 2755 1294 2798 gewandten
1318 2756 1447 2797 Ματιη,
1482 2751 1591 2807 qualis
1615 2751 1758 2795 ΠΙ)55εε

955 2799 1161 2834 describitur
1185 2800 1281 2834 initio
1289 2800 1412 2856 hujus
1436 2797 1603 2834 carminis.
1649 2797 1756 2841 διερῷ

954 2846 1042 2880 ποδὶ
1068 2845 1245 2890 φευγέμεν
1277 2844 1299 2880 ι’
1310 2846 1402 2888 4,3.
1451 2844 1533 2879 nihil
1566 2842 1657 2876 aliud
1681 2853 1756 2876 esse

954 2892 1092 2926 videtur
1117 2903 1216 2936 quam
1241 2872 1394 2926 celei-iter
1406 2893 1546 2935 sugere.
1576 2889 1665 2933 pede
1684 2899 1757 2922 mo-

960 2938 1059 2971 bitem
1084 2938 1173 2971 dixit
1196 2939 1339 2972 Plautus
1361 2937 1496 2977 Milite,
1521 2936 1554 2969 h·
1581 2946 1607 2968 e.
1635 2933 1758 2978 διερὸν

955 2985 1058 3019 ποδί.
1102 2984 1345 3026 Aristarchus,
1368 2980 1489 3027 διερὸν
1513 2981 1758 3026 interpretatus

1831 358 1839 393 *⁴⁴
1826 304 1856 351 ’ζ’
1822 0 1856 289 ’,ψη-Ἀ

1830 399 1843 538 3
