1856 3282
158 97 239 140 15⁰

317 204 500 260 πέμπετέ
526 221 578 262 με
607 208 850 258 σπείσαντες
878 207 1103 264 ἀπήμονα,
1131 199 1296 266 χαίρετε
1329 208 1371 253 δ’
1403 208 1553 255 adnot·

238 263 291 305 40
319 261 400 317 ἤδη
427 261 509 316 γάρ
535 263 786 312 τετέλεσται,
816 264 845 306 ἅ
870 281 943 319 μοι
969 268 1098 335 φίλος
1125 268 1253 322 ἤθελε
1280 265 1435 336 θυμὸς,

317 317 490 386 πομπὴ,
518 318 592 362 καὶ
619 321 726 374 φίλα
755 322 896 373 δῶρα,
925 321 979 364 τά
1009 339 1100 396 μοι
1112 323 1211 366 θεοὶ
1242 320 1506 376 ου’ρανίωνες

318 372 449 441 ὄλβια
470 373 713 444 ποιήσειαν·
745 374 950 444 ἀμύμονα
979 377 1024 420 δ’
1054 380 1167 422 οἴκοι
1197 379 1365 421 ἄκοιτιν

317 428 529 498 νοστήσας
556 430 745 502 εὕροιμι,
775 430 857 475 σὺν
886 432 1130 503 ἀρτεμέεσσι
1158 436 1363 490 φίλοισιν.

539 484 647 531 αὖθι
674 487 873 557 μένοντες
901 489 1174 544 ἐϋφραίνοιτε
1203 496 1410 561 γυναῖκας

232 541 287 586 45
321 541 564 596 κουριδίας,
594 544 666 586 καὶ
693 542 841 609 τέκνα·
871 546 968 589 θεοὶ
999 545 1043 590 δ’
1073 546 1228 602 ἀρετὴν
1261 545 1471 590 ὀπάσειαν

315 598 547 666 παντοίην,
576 599 647 641 καὶ
675 600 776 670 μήτι
803 600 942 644 κακόν
970 604 1233 673 μεταδήμιον
1261 604 1339 658 είη.
1350 607 1375 627 “

687 657 730 698 οῖ
762 654 802 699 δ’
835 655 922 711 ἄρα
949 657 1105 709 πάντες
1133 658 1340 714 ἐπῄνεον,
1345 655 1441 729 ,ἠδ’
1472 656 1668 701 εκέλευον

311 709 593 780 πεμπέμεναι
606 709 682 754 τὸν
712 712 917 764 ξεῖνον,’
901 714 988 757 επεὶ
1017 715 1126 758 κατά
1155 720 1314 781 μοῖραν
1342 713 1466 756 εἐιπε

310 765 384 808 καὶ
411 764 507 809 τότε
537 765 709 835 κήρυκα
737 768 935 825 προσέφη
963 770 1091 825 μένος
1118 769 1385 814 Ἀλκινόοιο

395 821 677 875 ,,Ποντόνοε,
704 827 901 895 κρητῆρα
924 826 1243 897 κερασσάμενος
1272 826 1385 880 μέθυ
1415 828 1566 880 νεῖμον

311 879 445 919 πᾶσιν
473 876 557 919 dvo}
586 878 798 933 μέγαρον,
828 879 934 950 ὄφρ’
964 882 1193 953 εὐξάμενοι
1222 885 1300 925 Διῒ
1326 881 1457 936 πατρὶ,

311 931 390 975 τὸν
419 933 561 984 ξεῖνον
588 934 821 990 πέμπωμεν
850 936 926 991 ἑὴν
959 938 1002 990 ἐς
1032 941 1218 993 πατρίδα
1246 943 1410 995 γαῖανύ

315 483 437 538 ’ὑμεῖς
465 487 508 528 δ’

389 650 472 704 Ὣς
500 653 657 709 ³:⁹9an-

230 819 284 862 50

304 1032 454 1068 ultimum
478 1034 661 1071 distributo
686 1036 787 1079 vino,
812 1039 928 1072 fausta
951 1045 1108 1084 precatus
1132 1040 1291 1084 reginae,
1317 1039 1360 1073 ad
1382 1049 1500 1072 navem
1522 1037 1620 1083 profi
1614 1035 1762 1072 ciscitur.

376 1099 461 1152 (Ὡς
491 1102 627 1175 φάτο·
660 1105 915 1157 Ποντόνοος
944 1106 991 1149 δὲ
1018 1108 1260 1175 μελίφρονα
1289 1105 1413 1150 οἶνον
1440 1105 1603 1160 ἐκίρνα,

309 1155 508 1228 νώμησεν
536 1158 580 1203 δ’
613 1159 699 1227 άρα
732 1166 867 1204 πᾶσιν
896 1162 1141 1205 ἐπισταδόν.
1180 1165 1222 1205 οἰ
1252 1163 1298 1206 δε
1326 1166 1495 1205 θεοῖσιν

231 1214 286 1256 55
316 1212 517 1257 ε’σπεισαν
536 1216 807 1286 μακάρεσσι,
838 1217 907 1261 τοὶ
938 1216 1134 1271 οὐρανὸν
1165 1217 1300 1271 εὐρὺν
1329 1218 1518 1285 ε’χουσιν,

264 1275 284 1295 *
314 1268 503 1314 αὐτόθεν
531 1270 574 1324 ἐξ
603 1271 777 1327 ἑδρέων.
825 1272 910 1316 άνὰ
942 1274 986 1318 6’
1018 1276 1162 1317 ι’στατο
1194 1277 1286 1325 δῖος
1310 1271 1559 1325 Ὀδυσσεύς,

310 1324 462 1383 Ἀρήτῃ
492 1326 536 1371 δ’
565 1327 612 1371 έν
643 1330 760 1383 χερσὶ
791 1331 906 1374 τίθει
934 1331 1065 1382 δέπας
1095 1330 1434 1400 ἀμφικύπελλον,

312 1384 386 1425 καί
414 1399 491 1438 μιν
520 1386 756 1443 φωνήσας
757 1385 857 1430 ε’πεα
886 1387 1121 1443 πτερόεντα
1150 1386 1399 1457 προσηύδα

391 1441 562 1494 ,,Χαῖρέ
590 1458 688 1509 μοι,
721 1444 753 1484 ὠ
785 1445 1003 1498 βασίλεια,
1034 1444 1286 1498 διαμπερὲς,
1317 1441 1456 1486 εἰσόκε
1484 1444 1620 1498 γῆρας

230 1499 285 1540 60
315 1493 445 1552 ἔλθῃ,
475 1497 547 1540 καὶ
575 1496 792 1552 θάνατος,
818 1499 914 1543 τάτ’
947 1499 1015 1543 ἐπ’
1046 1499 1318 1556 ἀνθρώποισι
1345 1500 1575 1543 πέλονται]

191 1643 290 1679 89-
299 1642 357 1679 46.
392 1644 680 1688 σπείσαντες,
701 1650 883 1691 postquam
903 1647 947 1680 12·-

146 1689 331 1743 ὸμυοτίῐίε,
372 1690 469 1724 finito
501 1691 670 1746 convivip.
710 1703 743 1725 v.
777 1694 876 1727 53-
888 1694 945 1734 56,

147 1732 190 1780 γ’,
213 1737 336 1772 332-
344 1735 431 1792 342,
455 1741 521 1772 etc.
543 1757 588 1762 —
620 1734 868 1782 ἀπήμονα,
893 1739 947 1771 ἰη-

148 1782 322 1815 columem.
365 1779 409 1823 o',
434 1783 519 1838 436,
542 1782 594 1825 κ’,
618 1785 682 1819 551
707 1789 773 1817 etc.
797 1805 843 1811 —
874 1785 946 1819 Am.

148 1826 212 1861 B.=
242 1826 434 1884 χαίρετε
467 1825 507 1863 δ’
540 1809 696 1864 αι’ἷτοί.
733 1828 769 1864 οἳ
798 1829 947 1865 παλαιοὶ

149 1872 212 1907 καὶ
235 1871 274 1908 έν
282 1874 349 1928 τῷ
378 1872 612 1918 ἀφίστασθαι
635 1875 678 1909 τὰ
708 1878 843 1920 χαῖρε
877 1875 949 1911 ε’λε-

149 1931 236 1974 γον,
270 1930 389 1963 ωσπερ
413 1919 454 1955 τὸ
481 1919 625 1977 σώζου
649 1921 718 1956 νῦν
739 1921 878 1977 φαμέν.
901 1940 947 1946 ——-

152 1962 462 2008 οὕρανίωνες,
496 1963 679 2023 οὐράνιοι.
715 1965 768 2012 η’,
791 1968 858 2002 242
881 1970 946 2003 etc.

152 2010 197 2045 cf.
221 2011 278 2046 55.
299 2028 343 2035 ·-·
375 2012 448 2046 Am.
474 2013 542 2053 Ω.-
579 2011 716 2058 ὄλβια
742 2012 948 2071 ποιήσει-

152 2068 220 2090 αν.
255 2053 341 2090 auo
367 2055 486 2113 ὄλβος,
511 2055 597 2094 ἄλλο
618 2060 797 2101 πλοῦτος,
822 2072 870 2099 ως
886 2058 949 2093 καὶ

152 2099 193 2137 ἐν
209 2098 332 2142 ἄλλοις
348 2102 409 2145 (ξ’,
428 2105 514 2159 206)
536 2103 658 2161 ὄλβῳ
681 2117 737 2146 τε,
760 2103 948 2151 πλούτῳ

153 2159 213 2182 τε.
245 2145 387 2203 εὔχεται
410 2143 478 2184 οὖν
500 2149 546 2184 τοὶ
572 2151 674 2207 δῶρα
693 2149 753 2186 ἐπὶ
777 2139 951 2205 εὐδαιμό-

153 2193 219 2249 νία
240 2190 342 2238 αὐτῷ
361 2194 551 2250 γενέσθαι·
582 2193 628 2232 06
652 2196 719 2241 γὰρ
745 2195 783 2232 ἐν
804 2196 950 2254 πλούτῳ

154 2229 265 2295 μόνῳ
279 2239 346 2284 τήν
366 2238 606 2285 εὐδαιμονίαν
623 2240 791 2286 ὁρι’.ζεται
809 2263 852 2269 -
878 2242 951 2286 ἅρ-

155 2284 375 2339 τεμέεσσι
406 2287 621 2322 scholiastae
644 2292 716 2325 Am.
739 2289 780 2322 Β.
807 2293 860 2323 est
883 2288 953 2324 σώ-

157 2342 237 2373 οις,
261 2328 420 2373 ἀρτίοις,
445 2329 687 2377 α’νελλιπέσιν,
712 2333 823 2379 ὑγιῶς
849 2334 952 2380 ε’χου-

157 2388 228 2412 σιν.
274 2377 336 2410 sed
359 2380 430 2412 Am.
452 2378 517 2420 Q„
541 2382 719 2423 τροπικαῖς
742 2381 866 2415 dictum
891 2392 953 2427 pu-

158 2427 255 2456 tans:
278 2426 357 2464 τοῖς
378 2427 531 2479 πιστοῖς,
555 2426 678 2471 inquit,
703 2442 734 2463 κ.
756 2424 953 2470 οἷκεραίοις.

159 2466 199 2503 ἐκ
221 2480 290 2522 γαρ
320 2469 386 2525 τῆς
411 2467 625 2526 ἆρτιότητος
651 2472 718 2516 τήν
743 2472 954 2530 ἐπωνυμίαν

159 2512 299 2572 ταύτην
330 2512 619 2571 άπεκληρφσατο.
665 2519 716 2553 E:
749 2517 955 2570 ἀρτεμής

161 2559 223 2594 καὶ
245 2561 313 2595 νῦν
338 2560 409 2616 (ut
415 2561 455 2595 ΙΙ.
480 2560 519 2603 ε’,
543 2565 637 2597 515:
664 2577 714 2605 ως
738 2563 837 2600 εἶδον
861 2564 954 2608 ζωόν

162 2616 201 2639 τε
223 2617 255 2641 u.
278 2602 441 2663 άρτεμὲα
456 2608 686 2663 προσιόντα.)
711 2607 729 2645 ὁ
755 2608 871 2666 ὑγιὴς,
892 2625 954 2646 και

163 2647 214 2705 ⁰:³3
237 2651 353 2687 εἰπεῖν
377 2650 565 2711 ἀκέραιος,
588 2667 620 2690 κ.
645 2652 748 2697 ὅλος,
774 2653 822 2695 οἷς
841 2656 955 2692 οἳονει

164 2693 299 2752 οἷτεμής
322 2696 441 2741 (!),''
416 2712 439 2743 η
464 2699 525 2734 καὶ
548 2699 681 2745 ἄρτιος.
724 2701 761 2744 ἐξ
786 2715 830 2737 ον
855 2704 958 2738 δοκεῖ

164 2740 257 2777 κατά
281 2742 367 2783 τοὺς
386 2744 566 2786 παλαιοῦς
582 2747 877 2791 παρωνομάσθαι
895 2747 958 2782 καὶ

165 2785 188 2832 ἡ
211 2787 398 2831 παρθένος
411 2787 582 2848 ”Αρτεμις.
627 2792 726 2827 Sch.:
757 2792 835 2838 ὑγιε
831 2793 874 2829 ’σι
896 2793 958 2828 καὶ

165 2837 318 2875 πιστοῖς.
363 2834 427 2871 imo
449 2835 606 2882 ὑγιέσιν,
631 2832 656 2892 ἢ
678 2852 716 2873 π.
745 2842 864 2874 menda
888 2841 958 2874 fre-

167 2889 294 2922 quens:
325 2890 359 2914 v.
385 2892 461 2916 ann.
486 2883 529 2916 ad
552 2883 591 2918 11.
615 2895 639 2916 α
661 2908 672 2925 ‚
697 2885 774 2919 114.
804 2904 847 2911 -
888 2883 959 2920 ἐϋ-

170 2935 198 2967 φ
208 2936 228 2967 ρ
239 2937 263 2959 α
272 2926 287 2961 ί
292 2937 313 2961 ν
321 2936 341 2960 ο
352 2938 366 2960 ι
375 2938 394 2960 τ
403 2938 438 2968 ε,
461 2927 641 2973 oblectetis,
663 2929 800 2974 juvetis.
835 2931 881 2964 cf.
903 2932 960 2970 61,

768 101 1165 144 OMHPO'I‘

992 1649 1047 1683 62.
1072 1666 1117 1674 -
1151 1648 1413 1691 κουριδίας.
1445 1647 1543 1681 v.11.
1568 1645 1622 1687 α’,
1648 1643 1725 1680 114.
1745 1662 1790 1669 -

992 1696 1065 1729 Am.
1084 1694 1128 1734 Q.
1151 1694 1259 1729 etss.:
1284 1696 1325 1728 θ.
1351 1692 1389 1728 δ’
1415 1689 1687 1748 ἄρετὴνόπ.
1722 1691 1791 1725 νῦν

991 1740 1058 1784 τὴν
1082 1739 1340 1782 εὐδαιμονίαν,
1373 1753 1422 1780 ως
1445 1737 1486 1773 τὸ
1514 1736 1719 1780 ἀρετῶσι
1742 1734 1792 1772 δε

992 1786 1102 1821 λαοὶ
1132 1783 1211 1821 ’ὑπ’
1245 1784 1400 1820 αὐτοῦ
1432 1783 1502 1828 (τ’,
1528 1783 1625 1827 114).
1672 1783 1717 1817 cf.
1741 1780 1794 1838 θ’,

993 1834 1072 1912 {gg-
1083 1851 1129 1856 —
1152 1831 1460 1877 μεταδήμιον,
1484 1830 1715 1869 domesticum.
1739 1826 1793 1871 θ’,

1037 1924 1102 1967 47,
1127 1923 1182 1958 48.
1232 1937 1284 1969 η,
1308 1925 1398 1965 226,
1419 1923 1455 1958 7.
1499 1922 1546 1956 cf.
1569 1919 1628 1962 θ’,
1652 1922 1732 1957 398.

1038 1969 1136 2003 49-
1147 1969 1203 2004 54.
1252 1981 1286 2004 v,
1310 1967 1356 2024 η’,
1381 1969 1573 2004 178—183.
1601 1965 1792 2003 ἐπιστα-

993 2013 1046 2050 δ
1028 2028 1046 2050 ο
1059 2028 1099 2056 ν,
1124 2016 1279 2049 adstans.
1348 2016 1462 2056 ,3.92

1040 2061 1095 2095 56.
1142 2059 1188 2102 ἐξ
1221 2061 1406 2104 ἑδρέων.
1450 2057 1792 2099 εεὶ1.οῗναστάντες.

993 2107 1179 2140 variantem
1203 2108 1406 2152 scripturam
1426 2105 1537 2142 εδέων
1556 2115 1792 2139 commemora-

995 2152 1046 2185 vit
1058 2152 1101 2193 Ε,
1122 2164 1209 2197 quae
1225 2165 1288 2186 non
1305 2153 1472 2205 displicet,
1483 2152 1644 2196 cujusque
1659 2149 1793 2195 εδρέων

995 2197 1133 2231 videtur
1157 2210 1231 2232 esse
1254 2197 1505 2253 interpretatio.
1540 2208 1572 2230 v.
1590 2197 1630 2232 ll.
1647 2196 1693 2237 α’,
1710 2195 1792 2239 534,

996 2244 1074 2278 581.
1121 2246 1205 2288 Ap„
1229 2244 1334 2278 citato
1358 2242 1397 2286 ζ’,
1421 2243 1498 2278 42.
1526 2242 1630 2284 ἕδος,
1655 2242 1758 2286 ἕδρα.

1043 2291 1139 2324 57-
1151 2291 1205 2324 61.
1254 2290 1399 2330 δέπας
1431 2287 1540 2344 α’μφ.
1579 2287 1609 2333 γ’
1620 2313 1631 2331 ,
1656 2291 1700 2324 63
1725 2293 1792 2322 etc.

997 2334 1049 2368 Ε·
1081 2337 1298 2391 σημειωσαι,
1331 2334 1388 2371 ὅτι
1418 2334 1600 2379 πρόποσίς
1632 2335 1708 2370 ἐστι’
1737 2347 1794 2375 τις

996 2380 1094 2415 καὶ’
1083 2379 1170 2424 ὅπερ
1194 2362 1361 2417 ένταδθα
1384 2385 1484 2417 ποιεῖ
1502 2380 1578 2417 Ὀδ.
1611 2382 1794 2423 προτείνει

996 2424 1065 2471 γάρ
1090 2429 1145 2482 τῇ
1178 2426 1358 2484 ἑστιάτορι
1392 2428 1527 2469 δέπας,
1564 2439 1654 2462 ωστε
1683 2430 1794 2468 πιεῖν,

998 2471 1100 2508 καθὰ
1124 2486 1183 2507 και
1209 2473 1246 2509 ἐν
1268 2471 1392 2510 Ἰλιάδι
1415 2473 1480 2516 (ι’,
1504 2473 1601 2517 224.)
1635 2470 1654 2509 ὁ
1680 2470 1794 2513 αὐτὸς

999 2519 1049 2563 τῷ
1070 2518 1222 2562 Ἀχιλλεῖ,
1246 2534 1276 2554 κ.
1302 2519 1340 2555 ἐν
1363 2524 1440 2560 τοῖς
1461 2520 1550 2574 ἑξῆς
1563 2518 1602 2554 δε
1625 2519 1728 2561 (dicit
1750 2517 1792 2561 ξ’,

1001 2554 1090 2621 114,
1104 2532 1182 2599 j:sed
1201 2567 1363 2621 fallitur.)
1399 2566 1450 2611 τῷ
1481 2563 1602 2609 δούλῳ
1627 2563 1792 2609 Εὐμαίῳ.

999 2623 1061 2645 και
1083 2609 1149 2654 γὰρ
1174 2609 1214 2646 τὸ
1245 2602 1546 2670 πλησάμενος
1569 2599 1606 2646 δ’
1633 2611 1792 2646 οἴνοιο

1001 2654 1146 2696 δέπας
1169 2657 1369 2693 δείδεκτ’
1387 2656 1565 2703 Ἀχιλῆα
1584 2654 1796 2701 προπόσεως

1000 2698 1058 2745 ἦν,
1081 2701 1172 2737 καθ’
1199 2700 1243 2747 ἣν
1266 2705 1496 2763 πληροῦντες
1508 2704 1620 2744 δέπας
1642 2702 1794 2738 ἐδίδουν

1003 2745 1106 2848 ζῖῗῖ.
1115 2761 1243 2838 5²32..
1255 2748 1633 2854 ffliv’gz1.}²';.32.z⁷3
1654 2747 1791 2837 '5535ss
1854 2763 1856 2792 ³

1005 2837 1141 2874 εαυτοῦ
1163 2840 1308 2876 διδόναι
1335 2843 1405 2876 τινὶ
1429 2845 1559 2877 πίνειν.
1583 2860 1627 2866 -
1662 2842 1795 2884 διαμ-

1568 2888 1634 2921 209
1660 2891 1725 2919 etc.
1749 2904 1794 2913 -

1005 2896 1088 2927 περ
1101 2897 1115 2919 ε
1127 2899 1144 2926 ς
1156 2911 1165 2928 ,
1191 2888 1226 2919 in
1231 2893 1456 2942 perpetuum.
1490 2885 1543 2929 δ,

1127 2931 1193 2967 ἐπ.
1217 2930 1252 2967 α’.
1272 2932 1510 2977 πέλονται,
1534 2943 1622 2978 quae
1639 2932 1798 2966 accidunt

1004 2928 1106 2965 tdt’
