1846 3282
568 131 1147 180 οΔῐῬΣΣΕΙΛΣ
1198 135 1250 173 Δ.

1657 136 1741 181 139

133 244 218 289 490
244 238 295 298 ἠὲ
323 241 465 297 φίλων
493 239 541 283 ἐν
569 240 738 296 χερσὶν,
767 240 858 284 ἐπεὶ
886 239 1079 294 πόλεμον
1108 239 1387 285 τολύπευσεν.
1399 245 1425 266 “

325 296 427 349 ,ζῺς
455 296 649 354 ἐφάμην·
687 296 710 341 ὁ
742 297 788 341 δέ
817 297 867 353 μ’
899 296 1041 347 αὐτίκ’
1072 296 1360 353 ἀμειβόμενος
1388 299 1670 351 προσέειπεν·

248 385 276 406 ,,
295 353 527 410 ,,Ἀτρείδη,
560 356 601 397 τί
630 370 683 409 με
711 358 850 398 ταῦτα
879 356 1079 407 διει’ρεαι,·
1112 353 1215 397 οὐδέ
1244 355 1286 398 τί
1317 365 1365 396 σε
1396 355 1476 410 χρὴ

251 412 446 466 ἰ’δμεναι,
478 408 582 454 οὐδὲ
612 413 772 467 δαῆναι
799 411 906 467 ἐμόν
933 412 1067 469 νόο-ν,
1098 410 1203 454 οὐδέ
1233 410 1279 452 σε’
1309 426 1423 465 φημι

247 467 330 522 δὴν
360 465 581 510 ἄκλαυτον
610 469 806 519 ἔσεσθαι,
837 468 944 524 ἐπὴν
973 470 1023 512 εὐ
1056 467 1198 514 πάντα
1230 465 1418 521 πύθηαι.

135 525 218 569 495
248 526 401 567 πολλοὶ
430 524 509 575 μὲν
521 524 624 582 ,γάρ
653 529 790 579 voivre
821 525 980 578 δάμεν,
1009 524 1166 568 πολλοὶ
1196 523 1242 566 δὲ
1272 526 1472 572 λίποντο·

248 579 374 635 άρχοὶ
405 580 445 624 δ’
480 583 536 624 αὐ
563 581 646 624 δύο
674 586 835 636 μοῦνοι
858 580 1042 637 Ἀχαιῶν
1071 580 1402 636 χαλκοχιτώνων

221 636 302 679 *ἐν
331 636 473 697 νόστῳ
505 636 722 682 ἀπόλοντο
750 638 884 694 (μάχῃ
917 638 964 695 δέ
993 655 1038 681 τε
1067 638 1142 681 καὶ
1172 637 1226 680 σύ
1256 638 1507 693 παρῆσθα)·

248 690 308 743 εἷς
339 694 382 737 δ’
415 695 476 746 ἔτι
505 711 593 738 που
623 695 731 747 ζωὸς
760 695 1039 748 κατερύκεται
1069 692 1189 747 εὐρέϊ
1215 693 1376 754 πόντῳ.
1429 734 1432 740 i

246 753 357 801 Αἴας
388 752 466 807 μὲν
494 751 600 805 μετὰ
619 753 751 807 νηυσὶ
781 753 896 808 δάμη
927 752 1287 808 δολιχηρέτμοισι.

133 807 216 852 500
247 810 447 863 Γυρῇσίν
475 825 552 863 μιν
579 813 732 860 πρῶτα
763 809 1021 852 Ποσειδάων
1050 808 1271 858 ἐπέλασσε,

248 864 460 921 πέτρῃσιν
489 865 717 921 μεγάλῃσι,
746 866 819 912 καὶ
854 866 1059 918 ἐξεσάωσε
1091 864 1341 918 θαλάσσης·

249 923 324 963 καί
352 922 408 964 νύ
438 937 513 964 κεν
542 923 704 976 ἔκφυγε
733 927 870 978 κῆρα,
906 924 977 965 καὶ
1010 920 1248 978 ἐχθόμενός
1277 935 1357 970 περ
1385 915 1560 974 Ἀθήνῃ,

202 976 291 1020 .*εἰ
319 977 378 1032 μὴ
408 978 686 1031 ὑπερφίαλον
713 979 814 1030 ἔπος
845 979 1021 1034 ἔκβαλε.
1053 980 1127 1021 καὶ
1157 975 1254 1032 μέγ’
1286 975 1454 1029 ά-άσθη·

251 1038 313 1088 φῆ
345 1033 387 1089 ῥ’
419 1034 568 1091 ἀέκητι
597 1040 718 1084 θεῶν
748 1037 930 1092 φυγέειν
959 1036 1068 1091 μέγα
1096 1040 1254 1088 λαῖτμα
1283 1034 1523 1087 θαλάσσης·

135 1092 219 1135 505
248 1094 330 1134 τοῦ
361 1091 407 1135 δὲ
438 1093 697 1137 Ποσειδάων
725 1093 881 1150 μεγάλ’
911 1093 1065 1141 ἔκλυεν
1099 1089 1394 1148 αὐδήσαντος·

76 1255 183 1314 niani:
214 1253 236 1302 ἢ
270 1260 410 1306 πικρῷ,
447 1259 485 1296 ἐκ
517 1263 588 1297 τοῦ
620 1275 644 1297 α
669 1264 885 1307 στερητικοῦ

74 1314 209 1346 μοριου
233 1317 265 1339 κ.
293 1309 362 1340 τοῦ
384 1309 558 1350 γλεύκους
584 1309 790 1354 (δεύκονς).

121 1351 201 1385 490.
251 1349 298 1391 α’,
321 1354 401 1388 238.

123 1397 318 1433 492-495.
369 1396 483 1434 ου’δέ
508 1401 552 1435 τί
577 1412 625 1436 σε
650 1398 735 1446 χρὴ
762 1402 886 1445 ἴδμε-

77 1455 183 1482 ναι,
207 1455 268 1476 nec
292 1450 326 1477 te
351 1452 499 1488 oporiet,
534 1460 647 1491 neque
671 1460 715 1482 ex
739 1460 800 1481 usu
827 1456 885 1482 tuo

78 1495 148 1530 est,
182 1489 267 1522 haec
302 1493 438 1524 rescire.
465 1511 511 1518 —
547 1492 665 1529 οὐδὲ
690 1514 733 1518 -
758 1493 884 1537 νόον,

77 1547 138 1568 nec
170 1536 322 1569 animum
347 1549 477 1578 meum,
503 1541 646 1574 scientia
671 1540 803 1583 magica
829 1542 884 1573 in—

79 1586 243 1615 structum
263 1607 273 1621 ‚
317 1586 506 1627 explorare.
550 1605 594 1610 —
637 1583 885 1620 ἄκλαυτον

79 1638 180 1660 sensu
221 1627 346 1662 activo.
395 1637 516 1664 contra
547 1632 686 1676 passive
719 1633 808 1665 dixit
843 1630 884 1668 ἄ-

77 1676 233 1714 κλαυτος
261 1673 312 1716 λ’,
336 1676 402 1716 54,
426 1677 482 1710 72.
518 1684 554 1710 et
588 1678 631 1711 Il.
659 1677 710 1721 χ’,
744 1679 826 1713 386.
851 1691 884 1713 v.

76 1730 154 1755 ann.
182 1720 226 1753 ad
251 1720 289 1756 ΙΙ.
313 1720 368 1771 λ’,
389 1721 467 1756 649.
499 1735 599 1767 quam
627 1724 682 1757 hic
705 1725 887 1759 ostendunt

77 1767 119 1798 A.
141 1767 171 1799 2.
194 1771 230 1819 et
252 1767 386 1811 priscae
406 1768 496 1808 edd..
519 1771 657 1804 formam
682 1769 887 1812 ἄκλαυστος

79 1818 306 1846 recentiorum
345 1825 420 1847 esse
453 1815 502 1849 ait
523 1817 568 1853 N.
595 1824 737 1851 auctore
763 1818 885 1851 Vossio

80 1868 156 1893 anu.
182 1858 224 1891 ad
242 1861 381 1906 Aratum
399 1862 476 1896 359.
504 1864 549 1895 cf.
568 1863 715 1896 Pollucis
735 1863 886 1909 interpp.

79 1903 114 1943 2,
139 1903 197 1938 64.
221 1923 265 1929 —
295 1905 464 1953 δόμεν,
488 1906 699 1952 ἐδάμησαν,
734 1909 885 1945 ἔθανον.

82 1948 122 1984 ll.
146 1952 177 1984 θ
197 1975 209 1992 ,
231 1950 301 1987 343
323 1958 391 1986 etc.
426 1972 471 1979 —
502 1957 735 1998 λίποντο,
772 1958 886 1992 reficti

80 2001 179 2036 suut,
207 1997 239 2030 h.
268 2009 297 2031 e.
333 2000 474 2034 servati.
508 2002 552 2035 cf.
578 2003 657 2043 536,
685 2002 724 2035 11.
750 2001 799 2046 μ’,
831 2003 883 2038 14.

125 2042 203 2078 497.
250 2041 382 2090 μάχῃ.
417 2058 616 2091 quamnam,
651 2060 804 2093 quaeso,
831 2051 895 2084 di·-

76 2087 126 2122 ,cit
157 2089 244 2124 hanc
279 2103 445 2135 pugnam,
481 2094 535 2127 cui
572 2095 750 2128 Menelaus
773 2095 884 2130 inter-

77 2133 206 2175 suerit,
239 2141 396 2181 tanquam
434 2139 642 2184 praecipuae
684 2147 719 2174 et
754 2142 884 2177 fatali?

77 2180 201 2214 nullam
232 2184 398 2217 novimus.
440 2197 517 2220 num
551 2187 660 2231 igitur
686 2186 806 2231 μάχην
833 2189 884 2222 in-

76 2226 202 2270 telligit
224 2227 412 2272 no'ksptov‘?
436 2243 520 2266 cave
545 2233 690 2274 credas,
726 2235 884 2280 ambigue

76 2277 180 2325 atque
202 2275 346 2310 obscure
370 2277 516 2311 locutum
536 2291 611 2312 esse
636 2283 769 2324 poetam
794 2294 881 2324 eum,

77 2327 132 2370 συι-
166 2330 250 2362 prae
283 2323 408 2356 ceteris
441 2324 515 2357 laus
547 2327 710 2359 tribuitur
746 2328 881 2372 perspi-

79 2364 234 2422 cuitatj53
258 2368 318 2402 sed
342 2368 429 2402 (lixit
451 2369 590 2415 μάχης,
615 2380 652 2406 ut
678 2371 776 2417 ἐΐσῃς
799 2376 882 2417 578,

78 2421 145 2452 τῃς
182 2413 270 2452 121.,
300 2417 477 2462 παντοίῃς
511 2419 613 2460 725,
650 2421 766 2465 Φερῇς
800 2423 880 2460 798,

80 2465 145 2488 nec
166 2461 365 2509 ‘spreverim
398 2463 462 2496 hoc
494 2464 628 2509 μάχῃσι
663 2465 701 2500 δὲ
739 2467 797 2501 καὶ
837 2465 880 2502 σύ

79 2505 297 2562 παρηοιθα,ἱ
324 2517 398 2540 cum
433 2509 507 2543 Ald.
541 2512 573 2545 3.
616 2512 743 2546 habeat
783 2512 880 2559 μάχῃ

85 2548 126 2582 δε
158 2561 220 2583 και
254 2561 298 2604 σν
340 2565 424 2597 παρ.
467 2554 599 2601 μάχηις
624 2564 757 2600 autem,
792 2561 882 2593 sorte

79 2594 235 2648 neglecta
268 2597 383 2631 littera
415 2600 534 2642 simili,
567 2611 729 2639 mutatum
763 2612 817 2640 est
848 2607 881 2640 in

78 2653 187 2686 μαχῃ,
215 2642 266 2675 vel
282 2643 394 2688 potius
409 2647 571 2693 scriptum
589 2650 718 2695 μάχης,
746 2666 758 2686 ι
779 2653 881 2686 omis-

78 2697 139 2728 so,
173 2699 248 2721 cum
286 2691 469 2725 haberetur
504 2705 566 2737 pro
600 2699 752 2740 genitivo
779 2700 881 2742 sing„

79 2741 256 2786 corrector
281 2736 404 2781 aliquis
423 2740 614 2775 emendavit
637 2744 884 2787 soloecismum,

81 2789 138 2823 qui
173 2781 284 2815 nullus
316 2789 419 2817 esset.
458 2786 614 2828 proeliis,
648 2790 680 2822 h.
718 2803 747 2824 e.
782 2792 882 2834 beno,

79 2825 167 2868 apud
191 2826 331 2871 'l'rojam
365 2829 542 2864 Menelaus
567 2833 740 2869 interfuit:
776 2837 884 2881 igitur

78 2873 145 2903 tun
180 2880 328 2907 mortuos
361 2875 466 2911 duces
501 2878 713 2916 Graecorum
745 2884 882 2919 silentio

79 2918 204 2951 transit
229 2920 385 2955 Proteus.

104 2962 317 3015 ‘499—510.
365 2968 482 3010 μετὰ
518 2971 681 3012 νηυσὶ,
714 2985 788 3007 cum
811 2987 880 3009 na-

79 3008 192 3052 υιὸιιε,
229 3011 262 3045 h.
288 3024 318 3047 e.
341 3013 376 3048 in
402 3016 565 3058 navibus,
591 3019 624 3052 in
650 3020 808 3064 trajectu.
834 3022 879 3057 cs.

929 1262 1010 1297 513.
1029 1280 1073 1286 —
1098 1260 1200 1294 Sch.:
1227 1258 1451 1304 Γυρῇσιν.
1475 1254 1627 1298 πέτραις
1650 1256 1740 1299 πλη-

931 1310 1014 1343 σίον
1048 1306 1234 1341 ΛῙυκόνου
1258 1306 1324 1348 τῆς
1370 1303 1485 1349 νήσου
1527 1301 1743 1346 (cycladis,

933 1366 1023 1398 quae
1058 1354 1230 1398 hodieque
1270 1350 1465 1400 appellatur
1497 1349 1671 1393 M)kono:
1708 1358 1743 1381 V.

932 1400 1104 1435 Mannert.
1128 1401 1160 1434 8.
1200 1410 1235 1443 p.
1267 1398 1384 1441 750.)‚
1418 1408 1538 1435 ουτως
1563 1393 1742 1436 καλουμέ-

933 1459 1033 1487 ναις,
1059 1445 1137 1481 ἐπεί
1162 1446 1233 1480 εἰσι
1256 1446 1478 1488 περιφερεῖς.
1502 1441 1658 1476 similiter
1683 1440 1744 1476 alii

930 1493 1083 1533 Scholl.;
1118 1503 1184 1524 nun
1216 1491 1297 1524 item
1333 1490 1377 1529 Q.
1408 1492 1638 1532 Smyrnaeus,
1674 1498 1742 1531 quo

931 1546 1073 1572 auctore
1097 1538 1254 1570 Kruseus
1286 1536 1348 1569 hos
1371 1536 1533 1580 scopulos
1567 1540 1648 1567 ante
1672 1536 1743 1566 Ca-

931 1585 1117 1628 phereum,
1160 1583 1325 1615 Euboeae
1357 1586 1540 1626 promont„
1576 1578 1743 1613 delineari

929 1631 1033 1673 jussit
1055 1630 1089 1662 in
1121 1630 1238 1663 tabula
1263 1627 1449 1661 Graeciae.
1489 1625 1581 1670 quod
1617 1637 1743 1659 conve-

934 1677 1082 1709 nientius
1107 1681 1207 1720 putat
1233 1674 1263 1707 N
1293 1674 1408 1707 itineri
1434 1673 1563 1716 Ajacis.
1589 1673 1633 1706 cf.
1659 1672 1744 1706 Phi-

932 1722 1030 1755 lustr.
1059 1734 1114 1767 ap.
1143 1721 1272 1754 Meurs.
1298 1732 1376 1753 ann.
1403 1719 1446 1753 ad
1464 1720 1635 1763 Lycophr.
1660 1721 1742 1755 390.

932 1788 979 1793 -
1002 1765 1249 1812 ὕπερφίαλ
1265 1779 1337 1806 ον,
1369 1768 1561 1810 superbum.
1600 1763 1648 1806 α’,
1676 1764 1746 1800 134

934 1820 1000 1848 etc.
1026 1835 1064 1839 —
1093 1810 1196 1859 μέγ’
1221 1811 1396 1856 α’άσθη,
1419 1823 1587 1857 magnum
1611 1814 1743 1846 malurn

934 1862 1076 1905 accepit.
1108 1872 1141 1894 v.
1175 1861 1214 1896 ll.
1249 1858 1310 1902 π’,
1341 1860 1419 1894 685.
1471 1858 1645 1904 patienter
1676 1858 1742 1892 tuli

933 1908 1021 1940 hanc
1046 1907 1254 1952 scripturam
1279 1906 1444 1943 codicum,
1470 1905 1626 1950 quamvis
1651 1905 1742 1949 puti-

933 1953 1008 1987 dam
1035 1953 1116 1987 mihi
1148 1953 1255 1986 visam
1291 1958 1326 1986 et
1360 1957 1631 1996 praeposteram.
1665 1963 1743 1985 nam

931 1999 1024 2033 istud
1054 2002 1118 2034 unci
1151 1998 1197 2033 νύ
1232 2010 1294 2033 κεν
1329 1997 1463 2042 ἔκφυγε
1495 1999 1613 2043 κῆρα,
1637 2015 1681 2022 -
1708 1999 1744 2032 εἰ

931 2046 982 2090 μή
1016 2043 1099 2090 μέγ’
1139 2043 1268 2089 ἀάσθη
1300 2044 1390 2078 idem
1424 2045 1662 2090 propemodum
1687 2050 1741 2078 est

932 2104 972 2126 ac
998 2094 1027 2126 si
1052 2091 1197 2126 dixisset
1221 2093 1286 2127 καί
1307 2089 1352 2125 νύ
1379 2106 1410 2126 κ.
1437 2091 1465 2126 ἒ.
1491 2093 1606 2135 κῆρα,
1632 2092 1667 2126 εἰ
1687 2090 1738 2134 μὴ

932 2137 1000 2173 οὐκ
1038 2137 1151 2182 ἔφυγε
1184 2140 1299 2182 κῆρα,
1335 2138 1427 2183 quod
1461 2138 1634 2171 insulsum.
1667 2143 1742 2171 tum

930 2181 1014 2229 μέγ’
1041 2183 1169 2229 ἀάσθη
1196 2193 1278 2233 apte
1295 2184 1441 2218 insertur
1461 2184 1536 2218 loco
1561 2195 1622 2217 suo
1646 2185 1740 2226 509„

930 2232 1209 2275 quemadmodum
1251 2231 1372 2265 ordine
1419 2242 1583 2264 enarrare
1629 2231 1740 2264 omnia

931 2278 1030 2312 Hom.
1056 2279 1155 2319 solet,
1182 2278 1238 2311 nic
1261 2286 1375 2311 autem
1398 2288 1441 2310 ne
1465 2288 1579 2310 verum
1605 2277 1741 2321 quidem

929 2331 1006 2365 est,
1041 2325 1161 2358 nedum
1196 2325 1355 2368 elegans,
1388 2323 1557 2368 siquidem
1582 2335 1649 2357 non
1679 2336 1741 2357 eo-

928 2370 1003 2403 dem
1030 2377 1196 2404 momento
1219 2370 1385 2416 temporis
1420 2377 1456 2403 et
1487 2370 1537 2403 ita
1574 2369 1743 2414 gloriatus

929 2424 981 2450 est
1007 2418 1094 2461 Ajax
1120 2424 1155 2451 et
1181 2428 1292 2461 poena
1317 2416 1488 2456 affectus,
1513 2428 1581 2460 qua
1608 2419 1742 2450 ratione

929 2474 1034 2500 causa
1068 2468 1103 2496 et
1136 2464 1284 2497 effectus
1326 2463 1636 2508 permiscerentur3
1677 2464 1741 2497 sed

927 2509 1072 2554 primum
1100 2509 1209 2542 audiit
1235 2509 1419 2554 Neptunus
1443 2509 1642 2542 insolentem
1667 2511 1742 2553 ejus

929 2556 1140 2596 orationem,
1176 2556 1255 2589 dein
1285 2556 1433 2589 tridente
1466 2555 1638 2599 percussit.
1661 2568 1741 2590 sco-

929 2601 1045 2646 pulum
1071 2609 1140 2636 etc.
1165 2602 1247 2647 quid
1272 2602 1403 2636 multa?
1429 2601 1620 2647 ponendum
1646 2601 1740 2636 arbi-

928 2655 1003 2680 tror
1040 2649 1074 2682 εἰ
1108 2647 1160 2692 μὴ
1194 2646 1425 2693 ’ὑπερφίαλον
1470 2646 1558 2687 ἔπος
1598 2648 1738 2693 ἔκβαλε,

927 2694 988 2728 καὶ
1012 2697 1226 2739 μεγαλίσθη,
1264 2696 1314 2728 ita
1348 2695 1537 2728 κυδαίνειν
1571 2701 1608 2728 et
1630 2708 1740 2739 mya-

931 2743 1096 2782 λιζεσθαι
1129 2741 1244 2786 junxit
1275 2741 1315 2774 Il.
1342 2739 1385 2783 κ’,
1411 2741 1482 2779 69.,
1507 2751 1570 2774 nec
1594 2742 1741 2778 obscura

931 2794 985 2820 est
1007 2801 1112 2825 causa
1138 2789 1237 2832 liujus
1261 2787 1531 2831 depravationis,
1555 2799 1629 2821 cum
1652 2792 1680 2822 A
1703 2794 1742 2823 te

932 2838 963 2867 A
995 2835 1136 2869 litterae
1173 2846 1237 2867 non
1271 2835 1373 2867 semel
1410 2834 1542 2866 fuerint
1575 2837 1739 2870 confusae

931 2888 1075 2926 propter
1098 2880 1359 2914 similitudinem.
1375 2900 1419 2906 -—
1447 2879 1509 2924 φῆ
1534 2877 1576 2924 ῤ’
1601 2877 1737 2927 ἀέκη-

928 2940 970 2961 τι
996 2935 1060 2962 etc.
1076 2929 1266 2972 asyndeton
1292 2938 1453 2971 epexeg.,
1479 2927 1529 2960 uti
1554 2933 1589 2961 et
1602 2929 1735 2964 506.—

928 2977 1113 3020 amima.
1139 2986 1171 3008 v.
1197 2984 1275 3006 ann.
1302 2976 1344 3007 ad
1364 2973 1403 3007 ΙΙ.
1427 2972 1470 3014 τ’,
1493 2974 1574 3009 267.
1594 2995 1638 3001 --
1662 2989 1734 3019 με-

926 3021 1029 3067 γάλ’
1063 3042 1105 3047 -
1146 3018 1462 3066 αὐδήσαντος.
1506 3024 1732 3071 {stiffi—⁰650*
