1820 3272
0 3015 15 3155 ἐι

242 168 535 223 Νῦ,’1θάκης
566 168 696 224 ἐπέβη
729 168 935 222 Φαιήκων
965 181 1116 222 noym)
1144 164 1394 214 Ὀδυσσεύς.

243 229 303 275 Ξῖ
329 226 371 270 δ’
394 225 556 280 Ὀδυσῆ
577 226 776 280 Εὔμαιος
808 224 927 281 ἀγρῷ
957 224 1167 273 ξείνισσεν
1194 219 1397 276 ὑφορβός
1411 222 1477 274 ¹⁰)

166 288 216 330 15
250 278 339 335 Οὗ,
368 282 498 353 ἐπέβη
526 281 699 351 Ἰθάκης
730 268 1060 334 Λακεδαίμονος
1087 279 1132 329 ἐξ
1160 276 1422 331 Ὀδυσείδης.

244 342 311 382 Πῖ
338 338 378 382 δ’
410 337 496 390 ἄρα
531 338 775 392 Τηλέμαχος
803 335 1087 404 ἆναννωρίζει
1116 334 1281 400 πατέρα
1311 332 1363 376 ὅν
1377 335 1445 403 11).

333 395 520 465 ,βάλες,
551 394 703 437 αἰπόλε
737 409 804 444 τε,
810 391 1030 462 μνήστηρ
1060 406 1116 443 τε,
1143 387 1267 432 κύων
1297 388 1351 432 ὃν
1379 387 1560 457 ἀνέγνω

245 454 394 507 Σίγμα
423 451 467 494 δ’
500 451 590 504 ἔριν
622 445 746 503 εὗχός
774 446 821 490 τ’

852 447 1085 517 Ὀδυσῆος,
1117 444 1242 498 δῶρά
1271 445 1310 488 τ’
1343 445 1625 504 amoime-own).

251 512 344 551 Ταῦ
375 506 417 550 δ’
452 506 733 560 ἀναγνωρίζει
761 508 897 573 γρηῦς
926 504 969 557 ἐξ
999 502 1135 558 οὐλῆς
1159 502 1349 573 Ὀδυσῆα
1362 504 1429 558 13).

161 572 216 611 20
241 567 300 607 ’Τ
326 563 390 614 δὲ,
425 563 723 617 Θεοκλύμενος
751 559 866 603 κακοὶ
897 560 950 615 δή
979 557 1210 614 μαντεύετ’
1240 558 1506 615 ἈχαιοῖςΗ).

252 625 311 663 Φῖ
338 620 402 671 δὲ,
434 619 534 672 βιόν
563 619 826 672 προτίθησιν
855 615 1020 660 ἄεθλον
1048 614 1401 686 Πηνελόπειαῑὸ).

249 674 406 728 chi',

428 675 639 724 Ὀδυσεύς
669 677 918 741 μνηστῆρας
948 673 1151 716 ἐκαίνυτο
1181 671 1305 741 νηλέϊ
1329 674 1553 729 χαλκῷῑῧ)

253 737 319 775 Ψῐ
345 729 387 775 δ’
398 763 409 783 ,
441 731 725 784 ἅναγνωρίζει
753 728 885 772 πόσιν
919 730 973 774 ὅν
1000 745 1104 773 ποτε
1136 727 1422 782 Πηνελόπεια.

234 786 400 840 ,Ωδ’,

126 926 187 969 10)
209 924 277 958 ib·
304 923 356 961 Ξῖ
376 920 415 958 δ’
441 920 606 967 Ὀδυσῆα
631 921 784 966 ξεινισεν
805 921 885 966 εὖμ.

79 969 178 1016 ἀγρῷ
198 983 264 1014 υφ.

126 1028 188 1071 11)
212 1028 262 1060 ita
279 1026 331 1059 Cl.
378 1025 476 1058 libri.
497 1045 542 1050 ——
558 1023 685 1068 πατέρ’
708 1024 784 1060 ἑόν.

127 1087 188 1129 12)
216 1085 274 1118 ib.:
300 1082 375 1125 ἔριν
389 1077 514 1125 Ἴρου,
552 1094 596 1115 ex
620 1082 888 1136 interpretati0-

81 1144 144 1173 ne,
177 1142 278 1186 quam
310 1130 443 1186 respuit
465 1133 628 1168 metrum,
664 1129 728 1160 nisi
756 1128 889 1162 scriba·

79 1183 136 1211 tur
157 1179 225 1220 Σίγ
220 1188 253 1219 ιι
282 1201 292 1216 ,
329 1174 404 1217 ε’9ιν
424 1173 549 1215 Ἴρου,
574 1175 629 1217 862
631 1171 678 1217 μ’
706 1172 783 1210 ’.O6
809 1181 889 1215 etc„

80 1223 173 1267 quod
196 1221 308 1256 nolim.
333 1221 428 1274 prius
451 1233 511 1262 τε,
545 1221 638 1274 quod
662 1221 762 1254 abest
785 1232 805 1254 a
831 1232 891 1253 co-

81 1269 231 1308 dicibus,
261 1267 328 1310 jam
353 1267 461 1311 ipsius
484 1267 677 1299 sententiae
701 1278 805 1300 causa
829 1266 892 1299 ad-

80 1314 226 1348 dendum
256 1312 334 1348 suit.
367 1312 426 1345 sed
451 1324 574 1346 vereor
595 1324 639 1345 ne
664 1313 730 1345 hoc
756 1312 893 1346 dederit

83 1358 343 1414 grammaticus·
368 1356 494 1403 Σίγμ’,
513 1352 626 1410 Ἰρόν
635 1370 673 1392 τε
697 1359 760 1393 καὶ
785 1357 894 1400 εὖχος

81 1403 299 1447 Ὀδυσσέος,
342 1402 432 1438 ε’δνα
472 1401 512 1438 δ’
556 1402 736 1439 ἀνάκτων.
790 1405 895 1458 δωρα

82 1451 265 1496 scripsisse
295 1449 433 1484 videtur
463 1451 512 1492 is,
548 1451 608 1496 qui
641 1450 730 1486 ἕδνα
761 1450 895 1485 nonnisi

84 1498 199 1532 dotem
233 1496 463 1541 intelligeret,
499 1501 534 1530 et
565 1498 687 1531 vocab.
722 1497 828 1538 δωρα
858 1497 896 1530 in

85 1545 161 1588 ipso
197 1543 345 1576 carmine
377 1542 531 1596 legisset.
583 1544 644 1577 sed
678 1543 895 1587 Apollonius·

86 1589 197 1629 ε’δνα,
244 1586 290 1622 τοὶ
330 1585 404 1623 ’ὑπὸ
448 1590 524 1622 τῶν
559 1588 777 1634 μνηστήρων
815 1592 898 1629 ταῖς

87 1634 419 1690 μεμνηστενμέναις
472 1633 652 1679 διδόμενα
705 1638 821 1679 δωρα.
860 1647 896 1668 v.

89 1683 179 1716 idem
204 1693 238 1713 v.
273 1678 469 1716 αναεδνον.
518 1682 565 1715 Iri
598 1682 737 1736 quidem
765 1682 899 1716 nomine

91 1727 183 1762 haud
220 1726 321 1760 facile
353 1727 468 1762 caveri
501 1733 638 1771 potest:
685 1729 738 1762 cui
771 1727 899 1762 nomini

90 1773 275 1806 verisimile
300 1777 350 1806 est
367 1773 593 1818 adscripsisse
613 1775 772 1808 librarios
791 1775 901 1808 inter-

91 1818 252 1864 pret-andi
287 1819 399 1861 gratia
422 1821 531 1853 xerba
558 1820 634 1862 ἔριν
649 1819 765 1863 Ἶρον.
790 1820 901 1853 codex

93 1866 224 1899 Altera
256 1864 358 1908 δῶρα
391 1864 429 1900 δ’
461 1864 520 1901 οἷν.
552 1868 628 1912 plus
660 1867 743 1900 licet
768 1866 902 1899 critico

94 1912 130 1945 in
164 1911 216 1943 liis
248 1912 450 1952 versiculis,
488 1913 547 1956 qui
582 1913 706 1958 partim
730 1918 799 1946 tam
824 1924 903 1945 cor-

95 1956 190 1999 rupti
227 1962 325 1995 sunt,
369 1963 409 1991 ut
439 1958 497 1991 vix
527 1968 671 1993 metrum
718 1969 904 2002 agnosca53

97 2003 222 2047 quibus
245 2009 357 2036 tamen
382 2014 510 2047 operae
531 2005 678 2049 pretium
702 2006 787 2046 suit,
812 2004 906 2049 quod

95 2059 185 2093 pace
225 2048 420 2082 Buttmanni
462 2051 628 2093 dixerim,
668 2052 802 2085 tandem
843 2050 908 2084 ali-

99 2093 236 2139 quando
262 2095 424 2128 medicam
445 2096 572 2131 afferre
597 2077 738 2132 nianum.

148 2151 209 2193 13)
243 2154 278 2183 et
313 2151 367 2184 hic
400 2158 436 2185 et
473 2155 528 2187 11.
562 2158 597 2187 et
631 2157 676 2190 23
713 2152 910 2187 Graeculus

102 2196 268 2239 corripuit
302 2198 524 2242 posteriorem
557 2201 625 2235 τοῦ
658 2198 732 2236 civo}
756 2201 790 2233 in
814 2197 909 2234 οἰνα-

103 2243 273 2287 γνωρίζει

153 2300 213 2342 14)
239 2299 289 2332 ita
314 2299 421 2333 codex
440 2302 560 2337 Alteri.
585 2305 709 2347 wilgo:
734 2305 784 2338 Τ
805 2304 913 2359 βρον-

105 2349 187 2384 ταῖς
214 2348 257 2379 Z}
244 2343 305 2385 (ὓς
328 2345 482 2389 θάρσυν’
507 2345 703 2394 Ὀδυσσῆα
728 2351 789 2384 καὶ
813 2362 869 2394 σχε
856 2346 912 2384 έθ“’

107 2390 290 2434 ,Ἤιχιιιοὺς
328 2394 417 2435 quod
443 2393 492 2426 ita
519 2396 716 2436 versificos,
741 2402 913 2440 expuncta

108 2438 416 2492 interpretatione·
435 2434 569 2478 ’Τὸε,
611 2442 700 2481 Ζεύς
724 2443 914 2484 θαρσυνεν

109 2481 307 2523 Ὀδυσσέα,
341 2498 372 2518 κ.
399 2495 430 2519 σ
454 2482 501 2519 ’.A
537 2487 590 2520 Cl.
616 2489 662 2522 nil
689 2488 752 2523 nisi
777 2487 913 2525 Ὀδυσ-

427 787 636 838 Ὀδυσεύς
667 786 750 830 σὺν
783 786 916 840 πατρὶ
946 788 1020 831 καὶ
1048 786 1136 830 υἱέϊ
1165 785 1326 843 μίσγετ’
1359 785 1546 841 Ἀχαιοῖς
1561 787 1631 842 ¹⁷).

934 936 1000 958 σεα
1029 922 1190 967 scripsit,
1218 932 1407 977 perperam
1441 925 1603 967 correpta
1626 928 1743 968 poste-

935 970 1026 1004 riore
1050 968 1148 1002 verbi
1171 964 1343 1011 edpcvv’

965 1016 1045 1072 15)
1070 1016 1147 1048 cod.
1173 1014 1301 1049 Alter:
1323 1033 1369 1038 —
1392 1012 1600 1058 προτίθησ’
1623 1012 1745 1051 ἆθλον

935 1059 1046 1106 εὐνῆς
1071 1064 1167 1105 Πην.
1190 1061 1283 1094 haud
1305 1060 1425 1104 inepte
1449 1061 1651 1106 scripseris·
1685 1065 1743 1105 Φῖ,

936 1108 1020 1155 βιὸν
1045 1105 1263 1163 ἁθλοσύνην
1285 1109 1511 1151 προτίθησιν
1534 1111 1583 1143 Π.

982 1155 1044 1197 16)
1070 1153 1200 1187 excidit
1223 1151 1263 1188 δε
1286 1154 1321 1186 in
1346 1153 1456 1188 libris.

983 1201 1045 1243 17)
1069 1201 1192 1243 vulgo:
1216 1196 1360 1244 μαχεέ,
1386 1211 1491 1234 versu
1515 1201 1743 1245 pessumdato

937 1252 991 1280 est
1024 1245 1082 1286 id,
1123 1246 1266 1299 opinor,
1302 1247 1644 1291 interpretamentum
1678 1250 1746 1283 τοῦ

937 1294 1085 1336 μίσγετο
1127 1292 1201 1324 sive
1241 1298 1418 1347 μίσγεται.
1461 1293 1588 1336 Oxou„
1628 1295 1745 1338 Barn.

939 1339 1015 1380 CL,
1042 1338 1149 1371 Ernst
1174 1335 1342 1384 pdqvoet’.

986 1430 1042 1463 De
1076 1429 1237 1473 Od3ssea
1270 1429 1367 1464 multi
1400 1431 1526 1472 multa,
1561 1443 1648 1476 quae
1675 1434 1751 1468 nolo
1802 1415 1804 1426 ζ

941 1481 1115 1520 repetere.
1165 1475 1284 1509 Iliadis
1319 1476 1491 1520 epilogum
1529 1483 1632 1512 vocat
1664 1480 1747 1514 Lon-

942 1523 1043 1566 ginus
1075 1521 1098 1555 1.
1128 1520 1172 1554 de
1202 1521 1300 1554 Subl.
1334 1525 1368 1564 §-
1395 1524 1451 1564 9.,
1481 1527 1518 1557 et
1548 1535 1664 1559 senem
1689 1526 1755 1560 hoc

942 1579 1079 1602 carmen
1134 1567 1320 1601 Homerum
1373 1569 1605 1615 composuisse
1654 1577 1757 1616 putat

945 1626 1019 1648 cum
1071 1611 1156 1646 alias
1204 1614 1247 1646 ob
1302 1625 1446 1655 causas,
1493 1620 1566 1649 tum
1611 1623 1755 1662 propter

944 1659 1137 1715 mythorum
1194 1671 1235 1693 ac
1296 1660 1530 1695 narrationum
1593 1663 1756 1717 frequen-

944 1706 1056 1746 tiam,
1094 1702 1154 1739 ὅτι
1202 1703 1361 1763 μεγάλης
1409 1705 1584 1765 φύσεως,
1609 1709 1755 1767 inquit,

945 1750 1231 1795 ὖποφερομένης
1255 1751 1329 1797 ἤδη
1353 1752 1452 1789 ἴδιόν
1475 1751 1574 1789 ἐστιν
1601 1753 1642 1790 ἐν
1663 1756 1758 1803 γήρᾳ

945 1799 989 1833 τὸ
1033 1798 1263 1842 φιλόμιθον.
1303 1811 1324 1833 a
1365 1812 1432 1844 quo
1473 1794 1758 1837 dissentientibus
1804 1811 1811 1823 ·

947 1845 1106 1890 Duporto
1132 1845 1244 1889 praef.
1278 1846 1527 1890 Gnomologiae
1551 1848 1666 1890 Hom.,
1687 1849 1759 1883 Da·
1804 1870 1808 1877 ι

950 1891 1098 1933 cieriae,
1133 1891 1283 1925 Clarkeo
1308 1891 1453 1936 aliisque
1476 1893 1580 1927 etiam
1604 1894 1681 1940 ipse
1704 1907 1764 1930 ac-

951 1936 1062 1978 cedo,
1095 1948 1158 1971 nec
1190 1937 1258 1970 vim
1298 1943 1359 1972 aut
1394 1938 1610 1983 splendorem
1633 1942 1765 1986 ingenii
1804 1941 1808 1954 “

952 1982 1128 2017 Homerici
1161 1983 1318 2017 desidero
1350 1985 1385 2018 in
1422 1985 1593 2030 Odyssea.
1626 1989 1688 2022 sed
1726 1995 1767 2022 ut
1804 1991 1809 2031 1

953 2040 1011 2063 res
1034 2035 1131 2069 sunt,
1166 2030 1216 2063 ita
1240 2030 1328 2063 dicit
1350 2031 1517 2066 maximus
1540 2035 1665 2078 poeta;
1689 2039 1769 2069 sunt
1805 2038 1817 2067 1.·

954 2081 1068 2109 autern
1092 2075 1127 2114 in
1151 2075 1210 2109 illa
1234 2088 1290 2109 res
1315 2078 1390 2111 fere
1405 2082 1527 2112 tenues
1550 2090 1592 2114 ac
1614 2080 1768 2122 sedatae,

957 2121 1082 2166 quibus
1106 2121 1193 2155 alius
1224 2123 1386 2156 ‹wonvenit
1407 2123 1509 2157 stilus
1531 2137 1631 2170 quam
1657 2126 1768 2161 turbis
1808 2145 1817 2159 r:

959 2168 1169 2212 proeliisque
1187 2168 1318 2202 Iliadis.
1344 2169 1474 2213 placuit
1497 2170 1647 2206 Clarkeo
1671 2172 1767 2206 Alci-
1806 2170 1817 2209 ’ἶ

959 2214 1127 2246 damantis
1159 2213 1285 2248 dictum
1315 2215 1399 2249 illud
1423 2217 1518 2260 apud
1551 2217 1768 2252 Aristotelem

961 2260 1052 2293 Rhet
1088 2261 1122 2300 3,
1147 2261 1195 2300 3,
1219 2261 1298 2305 Ody
1301 2272 1410 2295 sseam
1438 2273 1514 2296 esse
1534 2264 1692 2308 pulcrum
1717 2264 1770 2298 vi-
1806 2263 1809 2267 ’

960 2312 1018 2340 tae
1050 2307 1218 2340 humanae
1251 2307 1447 2350 speculum,
1480 2309 1595 2344 καλόν
1617 2309 1769 2353 ἄνθρω-
1806 2311 1809 2332 ”

958 2355 1072 2386 πίνου
1103 2354 1189 2393 βίου
1214 2353 1442 2397 κάτοπτρονε
1474 2354 1543 2400 ipsi
1566 2356 1771 2403 philosopho
1806 2354 1816 2399 fv

961 2397 1159 2442 displicuit,
1188 2403 1349 2444 tanquam
1383 2399 1568 2444 frigidum,
1601 2414 1663 2436 nec
1687 2415 1770 2438 sane

1805 2226 1817 2250 l!

1806 2278 1817 2310 Ξ.

1806 2335 1809 2351 Ι

1806 2408 1809 2438 1

961 2451 1014 2477 est
1047 2445 1130 2478 haec
1166 2444 1308 2479 alterius
1346 2447 1464 2480 horum
1489 2448 1673 2482 carminum
1699 2450 1772 2485 laus
1806 2455 1817 2488 {¹

962 2491 1126 2536 propria,
1151 2490 1210 2525 sed
1238 2492 1415 2538 utriusque
1441 2494 1638 2528 communis.

1806 2489 1810 2553 1

1807 2749 1817 3156 μ-,μ--ᾳ--μ
