1856 3282
122 129 206 169 222

773 125 1173 168 ΟΜΗΡΟΥ

207 240 262 280 70
293 234 340 279 ἔκ
373 250 417 278 τε
447 235 591 289 φίλων
620 237 814 287 παίδων,
845 235 890 279 ἔκ
919 234 961 278 τ’
993 234 1133 279 αὐτοῦ
1158 233 1413 287 Ἀλκινόοιο,

292 291 365 334 καὶ
398 295 538 344 λαῶν,
570 293 616 335 οι’
641 295 716 347 μίν
749 294 804 347 ῥα
834 291 944 361 θεόν
974 290 1034 342 ὡς
1065 292 1345 344 εἰσορόωντες

292 347 534 402 δειδέχαται
563 347 800 403 μύθοισιν,
832 348 902 392 ὅτε
932 347 1120 417 στείχῃσ’
1152 348 1236 391 ἀνὰ
1265 348 1387 391 ἄστυ.

292 403 349 447 οὐ
370 406 475 475 ’,μὲν
487 405 570 475 γάρ
595 422 635 448 τι
667 405 777 448 νόου
806 420 853 461 γε
883 405 956 448 καὶ
992 403 1100 460 αὐτή
1128 404 1298 448 δεύεται
1327 404 1513 447 ἐσθλοῦ·

290 457 406 503 οἷσίν
436 457 475 503 τ’
510 458 560 504 εὖ
589 461 802 517 φρονέῃσι
832 462 906 504 καὶ
936 459 1123 515 ἀνδράσι
1151 462 1296 504 νείκεα
1325 459 1432 503 λύει.

289 519 326 560 εἰ
355 516 430 559 κέν
458 533 526 561 τοι
555 520 676 573 κείνη
705 535 752 572 γε
783 519 889 572 φίλα
923 516 1138 574 φρονέησ’
1170 517 1234 560 ἐνὶ
1264 519 1409 589 θυμῷ,

289 573 462 634 ἐλπωρη
494 591 563 616 τοι
594 574 739 639 ξπειτα
771 576 940 642 φίλους
957 573 1000 616 τ’
1032 575 1182 625 ἰδέειν,
1213 590 1289 617 και
1321 562 1492 616 ἱκέσθαι

289 635 415 674 οἰκον
447 630 491 681 ἐς
518 629 759 686 νψόροφον
788 630 862 674 καὶ
893 629 974 686 σὴν
1003 629 1046 682 ἐς
1077 632 1268 685 πατρίδα
1302 633 1471 686 γαῖανέ

338 713 520 754 postquam
545 710 714 743 abscessit
739 711 824 752 dea,
850 711 996 754 Π1)55ε5
1021 709 1253 754 proficiscitur
1276 708 1319 742 ad
1349 708 1477 751 regiam
1497 705 1650 749 Alcinoi,
1676 715 1776 750 quam

254 756 410 789 omnibus
434 757 536 789 rebus
560 756 856 791 instructissimam
881 765 986 801 atque
1010 756 1276 790 amoenissimam
1302 754 1503 788 admiratur.

372 821 475 873 ‚599
506 821 594 873 ἄρα
625 823 852 878 φωνήσασ’
886 823 1025 880 ἀπέβη
1054 826 1304 878 γλαυκῶπις
1329 819 1494 876 Ἀθήνη

284 877 451 922 πόντον
480 879 547 922 ἐπ’
582 878 844 935 ἀτρύγετον,
876 884 970 924 λίπε
1002 881 1047 923 δὲ
1058 881 1265 951 Σχερίην
1295 878 1532 931 ἐρατεινήν,

206 941 260 982 80
293 937 407 978 ι’κετο
439 935 483 978 δ’
513 952 556 986 ες
586 940 885 990 Μαραθῶνα,
917 937 990 980 καὶ
1021 935 1293 1005 εὕρυαγυιαν
1321 935 1522 1005 Ἀθήνην,

289 994 393 1036 δῦνε
424 991 467 1036 δ’
493 990 728 1049 Ἐρεχθῆος
763 993 952 1038 πυκινὸν
982 992 1133 1049 δόμον.
1182 991 1324 1047 αὐτάρ
1350 988 1585 1041 Ὀδυσσεὺς

117 1130 204 1153 vous
226 1117 356 1153 m’avez
381 1118 544 1153 demanda
570 1119 612 1152 de
638 1131 725 1154 vous
748 1120 928 1163 indiquer3

115 1176 204 1198 vous
239 1165 432 1210 cepeudant
478 1168 644 1209 penetrez
688 1168 772 1200 dans
814 1166 928 1200 l'inte-

113 1211 248 1245 rieur.“
309 1211 407 1244 Voild
440 1212 499 1254 qui
535 1218 588 1244 est
620 1212 855 1256 tres-positif3
890 1220 927 1246 et

115 1256 330 1300 cependant,
363 1257 531 1301 quelques
556 1269 633 1290 vers
659 1259 733 1298 plus
758 1257 823 1290 loin
849 1258 936 1300 (817*

115 1303 191 1346 82),
228 1302 521 1345 l'interpolateur‚
555 1314 598 1336 nc
623 1303 749 1336 faisant
775 1314 835 1347 pas
870 1309 923 1336 at—

113 1349 247 1382 tention
266 1347 380 1392 qu’Ul.
405 1348 491 1382 erait
516 1348 594 1391 deja
613 1349 730 1382 arrive
749 1351 769 1381 ὲ
787 1350 819 1382 la
840 1349 924 1382 mai-

112 1405 177 1428 son
202 1395 246 1427 du
272 1393 343 1436 roi,
378 1393 451 1427 dit:
486 1393 606 1437 αὐτὰρ
628 1393 707 1429 Ὀδ.
739 1393 922 1430 Ἀλκινόου

110 1438 208 1483 πρὸς
231 1437 376 1482 δωματ’
403 1440 435 1474 ιέ
466 1438 591 1475 κλυτά
638 1441 667 1473 Il
703 1453 746 1475 ne
782 1442 923 1486 ponvait

111 1497 178 1547 pas
204 1486 301 1519 venir
334 1497 375 1519 en
407 1498 451 1519 un
487 1487 556 1520 lieu
583 1499 627 1519 ou
657 1487 682 1520 il
715 1487 800 1521 e'tait
832 1488 910 1530 deja

111 1533 145 1566 J'
149 1533 182 1565 ai
209 1532 297 1566 dont
320 1536 395 1565 tout
418 1533 486 1566 lieu
511 1533 554 1566 de
572 1533 683 1566 croire
707 1545 750 1578 qu
755 1533 788 1566 'il
813 1534 884 1566 exis
871 1540 923 1567 te

111 1578 158 1612 ici
184 1577 226 1611 de
250 1589 376 1622 graves
408 1578 687 1622 interpolations‚
727 1585 762 1612 et
795 1591 921 1612 comme

111 1624 236 1669 depuis
263 1624 338 1668 plus
362 1624 405 1658 de
430 1624 519 1658 deux
544 1625 635 1658 mille
661 1636 722 1658 ans
745 1625 777 1658 le
799 1626 920 1668 champ

112 1675 168 1704 est
201 1676 325 1704 ouvert
363 1681 429 1702 aux
465 1670 681 1714 conjectures
712 1682 770 1703 sur
810 1683 866 1704 ces
899 1674 920 1705 2

111 1718 261 1761 pokimes,
282 1716 319 1759 je
344 1727 494 1760 propose
519 1719 561 1750 de
589 1716 652 1749 lire
677 1716 764 1749 ainsi
787 1722 863 1750 tout
882 1729 921 1750 ce

109 1773 278 1807 passage,
305 1772 347 1794 en
371 1766 564 1795 remontant
589 1774 630 1794 au
658 1767 803 1795 moment
826 1762 868 1795 de
898 1763 919 1795 1’

111 1808 251 1841 arrivee
287 1808 329 1840 de
361 1807 446 1841 Min.
479 1813 515 1841 et
547 1808 638 1841 d’Ul.
673 1819 715 1841 au
749 1808 855 1852 palais
888 1808 919 1841 d’

109 1853 207 1887 Ala:
244 1853 425 1895 46—51‚
459 1855 625 1895 53—55‚
651 1855 816 1894 75—-81,
844 1856 921 1889 135.

109 1900 288 1934 Personae
311 1910 354 1932 ne
379 1904 572 1933 contestera
593 1911 658 1944 que
680 1899 722 1933 de
742 1904 833 1933 cette
851 1912 922 1933 ma-

110 1944 208 1979 niere
232 1945 264 1978 le
288 1945 377 1978 recit
401 1950 455 1978 est
481 1946 556 1990 plus
580 1945 712 1990 rapide,
738 1946 846 1979 mieux
865 1946 921 1987 lie,

111 1996 147 2025 et
170 2002 213 2024 ne
238 1993 399 2034 presente
426 1992 502 2024 rien
535 1993 578 2024 ‹le
613 1991 921 2025 contradictoirc.‘

110 2037 198 2070 haec
232 2037 406 2080 sagaciter
441 2037 577 2081 quidem
614 2038 790 2081 disputata
826 2043 922 2078 sunt3

109 2094 175 2115 nec
204 2087 317 2116 tamen
349 2083 636 2125 concesserimus,
663 2092 700 2116 ut
729 2095 847 2116 versus
873 2084 922 2117 illi

110 2139 226 2162 omnes
251 2128 440 2170 deleantur,
466 2130 597 2174 quippe
620 2129 834 2174 pulcherrimi
854 2141 924 2162 ma-

110 2186 178 2218 gna
203 2185 245 2207 ex
274 2181 374 2219 parte
409 2181 443 2207 et
473 2175 518 2216 ii,
553 2176 675 2219 quibus
701 2175 833 2209 omissis
852 2175 923 2209 hiet.

110 2220 243 2261 oratio,
278 2220 524 2265 desideretque
550 2228 767 2261 caementum,
811 2230 849 2254 ut
872 2222 924 2255 ita

109 2265 233 2305 (licam,
262 2266 490 2299 Homericum.
532 2276 713 2311 praeterea
741 2267 921 2309 rationum,

109 2323 196 2355 quas
210 2311 374 2345 Montbel.
394 2312 537 2356 protulit
556 2313 668 2354 (mitto
690 2313 775 2347 enim
787 2313 922 2357 knigh-

107 2357 212 2395 tium,
248 2358 422 2390 brevitate
461 2359 678 2402 obscurum),
721 2359 808 2392 aliae
843 2363 921 2392 sunt

106 2403 300 2447 graviores,
325 2403 413 2436 aliae
431 2405 540 2437 minus
558 2410 758 2438 momentum
780 2406 920 2446 habent,

106 2449 203 2483 velut
227 2449 286 2482 illa
311 2448 354 2482 de
377 2450 478 2483 horto
505 2451 635 2484 Alcinoi
663 2463 727 2484 non
753 2462 920 2484 memora-

106 2501 142 2528 to
165 2507 184 2528 a
201 2495 377 2528 Nausicaa
397 2501 584 2539 propterea
607 2497 728 2541 quod‘
721 2509 752 2530 111
775 2498 859 2530 urbe
872 2498 920 2530 si-

106 2547 162 2574 tus
179 2548 278 2581 erat,
303 2540 360 2574 illa
378 2553 458 2574 vero
475 2542 560 2574 dicit
585 2543 626 2575 de
647 2544 720 2575 luco
742 2543 919 2577 Minervae

106 2593 142 2620 et
165 2566 278 2631 patris,
301 2588 462 2628 τεμένει,
487 2587 571 2620 locis
590 2589 806 2622 suburbanis.
857 2588 918 2622 de-

104 2632 185 2665 inde
218 2633 294 2686 plus
321 2633 416 2677 justo
446 2632 600 2666 tribuere
630 2634 767 2668 videtur
786 2633 837 2668 vir
856 2634 919 2668 do-

104 2683 180 2711 ctus
201 2677 421 2722 Aristophani
438 2679 525 2722 Byz.
545 2685 579 2712 et
600 2680 812 2719 Aristarcho,
830 2692 918 2725 quos

106 2724 253 2758 subinde
273 2724 501 2758 hallucinatos
526 2737 580 2758 ε5.
574 2736 600 2756 ·‹²
615 2731 761 2758 constat
789 2731 855 2758 tum
875 2726 918 2758 ad

105 2769 218 2802 vivum
246 2781 283 2803 ro
286 2771 396 2804 secuit
431 2770 694 2814 descriptionem
724 2771 857 2804 aedium
884 2778 919 2804 et.

104 2815 194 2848 horti
227 2815 335 2860 regii,
375 2817 499 2850 factam
527 2817 616 2850 illam
643 2819 686 2851 ab
709 2818 855 2850 Homero
875 2828 916 2849 ex

106 2872 252 2905 persona
268 2872 352 2902 sua,
379 2870 414 2894 et
436 2862 517 2895 illud
539 2862 662 2897 πάντα
683 2862 771 2903 134,
795 2863 828 2896 in
850 2874 917 2907 quo

106 2918 162 2940 res
189 2918 246 2940 eas
273 2914 402 2941 tantum
427 2908 622 2951 intelligere
644 2909 746 2950 licet,
772 2920 859 2952 quae
882 2909 915 2941 in

106 2960 291 2996 conspectu
327 2959 442 2986 essent
470 2954 637 2988 adstantis
669 2966 732 3000 pro
762 2954 914 2989 aedibus.

106 2999 168 3032 sel
194 2998 280 3032 haec
300 2998 476 3033 hactenus.

1023 1119 1173 1154 72-83.
1221 1119 1284 1153 H.:
1311 1115 1597 1161 δειδέχαται
1621 1112 1684 1158 (γ’,
1717 1112 1776 1154 41,

973 1165 1014 1198 11.
1040 1163 1085 1205 δ’,
1118 1167 1139 1198 4
1171 1166 1258 1207 etc.)
1290 1163 1534 1207 μύθοισιν.
1567 1159 1776 1204 ἐκδέχονται

973 1209 1149 1249 ἐπαίνοις.
1181 1210 1324 1253 inter.p:
1351 1210 1523 1252 excipiunt
1547 1207 1682 1239 vocibus
1698 1207 1774 1238 fau-

973 1256 1047 1289 stis,
1071 1274 1116 1279 —
1151 1256 1232 1290 καὶ
1267 1253 1413 1297 αυτὴ,
1446 1259 1479 1287 et
1505 1255 1582 1297 ipsa
1609 1253 1643 1285 in
1672 1252 1775 1284 rebus

972 1303 1044 1334 suis
1072 1301 1243 1345 gerendis.
1267 1320 1312 1326 —
1351 1298 1486 1335 οἶσιν
1506 1318 1552 1323 -
1572 1296 1623 1332 225
1639 1310 1703 1340 ει,
1730 1302 1775 1338 et,

970 1348 1091 1391 quibus
1109 1348 1191 1380 bene
1217 1348 1312 1388 vult,
1344 1348 1448 1380 etiam
1472 1346 1555 1378 viris
1582 1345 1659 1378 lites
1685 1354 1776 1376 com-

968 1395 1084 1436 ponit,
1111 1394 1170 1438 qui
1194 1391 1284 1426 illam
1309 1393 1470 1426 arbitram
1493 1395 1671 1445 ceperunt.
1703 1390 1775 1423 Am.

972 1439 1017 1478 Q.
1063 1443 1098 1473 et
1137 1439 1177 1472 Β
1194 1464 1203 1481 ,
1247 1443 1283 1472 et
1323 1438 1389 1472 H:
1429 1437 1588 1495 τοσαύτῃ
1624 1435 1777 1476 συνέσει,

970 1484 1088 1529 φησὶ,
1121 1485 1329 1539 κεχρῆσθαι
1371 1484 1439 1528 τήν
1464 1482 1639 1527 Ἀρήτην,
1686 1478 1777 1516 ω’στε

969 1533 1035 1565 καὶ
1063 1543 1207 1571 στασεις
1241 1529 1391 1574 ανδρῶν
1425 1528 1615 1565 δύνασθαι
1657 1525 1776 1571 αὐτήν

968 1578 1126 1611 καταλύε
1130 1590 1177 1612 ιν.
1230 1577 1271 1613 τὸ
1320 1576 1360 1611 δὲ
1407 1576 1486 1610 καὶ
1534 1571 1776 1617 α’·νδροέσιν

968 1636 1017 1663 ως
1044 1621 1082 1657 ἐν
1118 1621 1280 1657 ἐπιτάσει
1313 1622 1515 1677 παρέλαβε·
1549 1623 1592 1656 τὸ
1616 1619 1684 1666 γὰρ
1712 1633 1776 1665 yv-

967 1682 1023 1703 να
1031 1671 1106 1703 κῶν
1133 1671 1253 1704 νείκεα
1285 1667 1384 1704 λύειν
1413 1665 1564 1711 ἁρμόζει
1595 1668 1775 1711 γυναιξίν

968 1716 1115 1749 'lacitus
1151 1716 1193 1749 de
1216 1716 1351 1749 feminis
1377 1715 1627 1748 Germanorum
1655 1714 1774 1747 Germ.

968 1762 1021 1795 8.:
1047 1762 1154 1794 inesse
1175 1763 1258 1805 quin
1281 1763 1386 1796 etiam
1410 1766 1566 1794 sanctum
1594 1760 1727 1803 aliquid
1743 1763 1776 1793 et

965 1808 1148 1850 providum
1162 1813 1312 1849 putant‚·
1335 1819 1396 1840 nec
1418 1812 1480 1840 aut
1501 1807 1644 1839 consilia
1658 1816 1777 1839 earum

969 1859 1214 1895 aspernantur,
1239 1859 1300 1887 aut
1320 1864 1484 1896 responsa
1501 1853 1698 1896 negligunt.
1722 1851 1776 1884 υἰ-

969 1900 1082 1932 dimus
1101 1900 1160 1932 sub
1185 1899 1264 1932 divo
1290 1900 1502 1942 Vespasiano
1526 1899 1689 1931 Veledam
1717 1898 1778 1930 diu

968 1946 1063 1987 apud
1099 1946 1279 1989 plerosque
1319 1946 1468 1978 numinis
1499 1944 1570 1977 loco
1607 1944 1776 1977 habitam.

969 1990 1012 2024 de
1033 1998 1153 2024 senatu
1169 1992 1342 2025 mulierum
1359 2003 1415 2036 ap.
1429 1990 1592 2024 Gallosv.
1603 1990 1776 2023 W'.elcker

968 2038 1124 2080 Aeschyl.
1155 2038 1286 2080 Trilog.
1319 2049 1352 2082 p.
1382 2038 1475 2077 586„
1509 2036 1566 2070 ubi
1589 2035 1712 2069 similia
1741 2040 1778 2069 et
1838 2016 1841 2028 <

969 2084 1109 2116 aliarum
1145 2086 1318 2126 gentium,
1361 2082 1562 2126 praesertim
1597 2081 1777 2115 bellicosa·

968 2141 1060 2169 rum,
1085 2130 1245 2162 instituta
1267 2135 1425 2168 enarrat,
1458 2139 1600 2172 quarum
1625 2126 1776 2171 gentium

968 2175 1148 2208 nonnullae
1175 2175 1277 2208 etiam
1298 2175 1394 2207 fuere
1417 2172 1775 2218 γυναικοκρατούμε-

968 2234 1055 2262 ναι,
1081 2226 1119 2253 ut
1148 2221 1316 2264 hodieque
1337 2224 1417 2252 sunt
1437 2220 1533 2259 illae,
1570 2231 1657 2263 quae
1679 2218 1775 2252 habi·

967 2273 1042 2300 tant
1059 2266 1186 2299 insulas
1213 2267 1371 2300 sociales.
1418 2265 1521 2299 aliter
1547 2265 1678 2298 Graeci
1703 2265 1774 2298 Ho-

967 2312 1105 2352 ωσι-ἱεὶς

966 2450 1090 2493 inquit,
1115 2449 1157 2484 τό
1185 2449 1354 2493 σαυτῆς.
1347 2452 1432 2494 ἔργα
1449 2448 1592 2502 κόμιζε,
1613 2445 1725 2484 Ιστόν
1744 2445 1773 2482 τ’

955 2495 1153 2553 ,ἠλακάτην
1195 2509 1256 2537 τε,
1289 2495 1351 2530 καὶ
1379 2492 1629 2551 ἀμφιπόλοισι
1655 2494 1776 2529 κέλευε

955 2539 1092 2585 Ἔργον
1119 2541 1355 2593 ἐποίχεσθαι·
1389 2539 1580 2586 μῦθοςδ’
1605 2538 1776 2584 ἄνδρεσσι
1834 2568 1838 2590 ¹.

965 2589 1108 2632 μελήσει
1139 2595 1205 2622 etc.
1231 2606 1275 2612 —
1316 2600 1596 2632 ατρυγετον.
1640 2598 1672 2621 v.
1695 2598 1774 2620 ann.

966 2634 1009 2668 ad
1030 2635 1067 2667 ll.
1085 2634 1131 2676 α’,
1155 2636 1234 2669 316.
1271 2653 1314 2658 ——
1352 2645 1371 2667 a
1392 2632 1648 2687 septentrionali
1672 2632 1775 2677 plaga

964 2681 1123 2725 prosecta
1153 2680 1266 2713 Pallas
1301 2680 1444 2725 primum
1475 2679 1632 2725 pervenit
1651 2679 1775 2712 Mara-
1834 2695 1839 2710 1

963 2727 1101 2760 thouem
1133 2727 1272 2767 urbem,
1306 2738 1396 2769 quae
1427 2726 1566 2760 circiter
1597 2727 1640 2759 10
1667 2723 1772 2758 millia

965 2782 1126 2816 passuum
1148 2773 1260 2805 abluit
1282 2773 1324 2806 ab
1345 2773 1500 2812 Athenis,
1525 2776 1562 2804 ut
1582 2775 1702 2804 auctor
1722 2777 1775 2803 est

966 2817 1071 2850 Com.
1098 2818 1218 2874 Nepos
1248 2817 1416 2852 Miltiade.
1465 2828 1498 2852 v,
1524 2816 1648 2850 Cellar.
1681 2817 1710 2849 1.
1742 2828 1773 2859 p.

965 2865 1066 2898 1159.
1101 2882 1147 2888 —-
1191 2862 1443 2909 Ἐρεχθῆος
1476 2860 1645 2905 δόμον,
1687 2861 1772 2895 Ere-

964 2910 1080 2942 chetaei
1102 2911 1259 2951 domum,
1286 2911 1320 2943 h.
1347 2922 1376 2945 e.
1403 2908 1562 2954 templum
1582 2907 1774 2948 Minervae,

963 2957 1007 2988 ab
1042 2956 1241 2990 Erechtheo
1282 2955 1510 2990 aedificatum.
1551 2965 1599 2993 v.‚
1634 2959 1773 2996 praeter

963 3013 1037 3036 ann.
1075 3002 1117 3042 ad
1150 3002 1187 3037 11,
1218 2999 1264 3049 β’,
1288 3003 1382 3045 547„
1417 3011 1501 3045 quos
1534 3000 1581 3034 N.
1609 2999 1772 3040 laudavit,

1141 2312 1236 2345 velut.
1266 2311 1516 2352 'lelemachus‚
1551 2316 1690 2345 matrem
1720 2320 1776 2343 re-
1836 2319 1839 2353 ζ

968 2358 1188 2410 prehendens
1207 2357 1241 2390 in
1266 2369 1329 2398 eo,
1354 2357 1443 2412 quod
1468 2362 1641 2391 cantorem
1672 2355 1777 2390 inter·
1836 2360 1839 2364 “

967 2404 1127 2448 peliavit,
1155 2417 1201 2445 α,
1226 2404 1327 2438 356.;
1353 2400 1436 2438 αλλ’
1463 2404 1514 2442 εἰς
1531 2401 1636 2438 οἶκον
1651 2402 1776 2441 ἰοῦσα,
1836 2427 1837 2430 =
