1856 3282
118 133 173 170 64

290 236 501 290 ἔμπορος·
532 250 588 278 ου
615 232 700 306 γάρ
729 232 837 290 νηὸς
852 234 1080 304 ἐπήβολος
1111 231 1207 277 οὐδ’
1243 233 1431 286 ἐρετάων

177 299 261 338 320
290 295 515 348 γίγνομαι,
546 289 608 341 ὥς
636 291 696 333 νυ’
724 307 813 334 που
841 290 983 346 ύμμιν
1012 291 1178 333 ἐείσατο
1212 291 1387 343 κέρδιον
1417 288 1565 334 εἶναιι

334 366 391 413 ’H
419 372 500 425 ῥα,
530 370 604 413 καὶ
633 369 680 412 ἐκ
709 371 858 438 χειρὸς
881 375 1000 425 χεῖρα
1030 366 1213 411 σπάσατ’
1241 367 1503 413 Ἀντινόοιο·

292 428 432 482 [ῥεῖα·
463 430 703 482 μνηστῆρες
733 426 778 469 δὲ
809 425 949 480 δόμον
977 425 1088 468 κάτα
1119 427 1244 468 δαῖτα
1272 426 1496 477 πένοντα]

292 487 337 527 οἱ
366 483 408 527 δ’
439 483 712 536 ἐπελώβευον
740 483 813 525 καὶ
843 482 1101 537 ἐκερτόμεον
1131 482 1342 524 ἐπέεσσιν·

291 542 376 584 ὠδε
407 540 454 583 δέ
483 556 547 590 τις
575 541 742 581 είπεσκε
771 539 883 582 νέων
912 538 1324 594 ὑπερηνορεόντων·

177 622 260 666 325

335 981 488 1030 ’Ἄλλος
519 978 563 1022 δ’
595 974 692 1022 αὖτ’
725 981 890 1022 εἴπεσκε
920 979 1031 1021 νέων
1054 978 1470 1052 ὑπερηνορεόντων·

298 1040 400 1090 ,,τίς
436 1035 476 1080 6’
508 1034 596 1079 οἶδ’
599 1069 608 1087 ,
641 1038 679 1079 εἴ
707 1052 753 1078 κε
783 1037 855 1078 καὶ
887 1034 1019 1086 αὐτὸς
1049 1036 1128 1079 ι’ὠν
1138 1039 1304 1107 κοίλης
1337 1036 1404 1079 ἐπὶ
1438 1032 1544 1090 νηός

298 1100 398 1148 τηλε
428 1095 572 1149 φίλων
603 1091 813 1146 απόληται
843 1091 1089 1145 ἀλώμενος,
1124 1092 1267 1146 ὥσπερ
1293 1091 1552 1143 Οδυσσεύς;

300 1152 415 1194 οὕτω
448 1167 523 1193 κεν
552 1150 624 1192 καὶ
653 1153 818 1203 μᾶλλον
848 1147 1068 1202 ὀφέλλειεν
1098 1150 1239 1193 πόνον
1270 1148 1402 1204 ἄμμι·

184 1212 268 1254 335
298 1207 495 1263 κτήματα
524 1206 606 1260 γάρ
638 1222 713 1248 κεν
745 1204 888 1248 πάντα
919 1208 1188 1258 δασαίμεθα,
1219 1209 1334 1249 οἰκία
1366 1204 1409 1248 δ’
1441 1201 1545 1248 αὖτε

298 1264 460 1308 τούτου
489 1263 640 1319 μητέρι
674 1264 826 1317 δοῖμεν
855 1262 985 1318 ἔχειν,
1015 1261 1087 1318 ἠδ’
1121 1262 1241 1314 ὅστις
1271 1261 1432 1306 ὀπυίοι.
1442 1267 1469 1287 “

127 1411 170 1447 Il.
196 1408 239 1451 o’‚
265 1412 308 1446 19
334 1414 400 1444 etc.
426 1430 469 1435 —
503 1409 605 1443 Son:
632 1408 850 1453 ε’μπορος
878 1407 942 1452 ε’μ-

127 1470 247 1500 πορον
277 1453 295 1491 6
324 1470 361 1490 π.
387 1455 452 1491 τόν
480 1453 672 1498 ἀλλοτρίας
690 1468 781 1495 νεως
794 1455 939 1511 ἐπιβαί-

126 1516 241 1538 νοντα
280 1503 388 1560 λέγει,
434 1502 498 1537 τὸν
539 1499 644 1545 παρὰ
679 1505 757 1541 τοῖς
779 1499 939 1558 ,ὕστερον

127 1547 327 1606 επιβάτην,
354 1562 403 1588 ως
431 1547 594 1593 ἐμπόρου
618 1547 708 1590 παρ’
737 1545 866 1587 αὐτοῖς
885 1552 939 1582 λε-

126 1595 287 1641 γομένου
323 1596 392 1630 τοῦ
428 1593 657 1651 μεταβολέως
686 1595 748 1630 καὶ
773 1607 937 1638 πραγμα-

127 1643 284 1683 τευτοῦ,
308 1644 369 1676 καὶ
394 1641 548 1685 μάλιστα
575 1641 643 1675 τοῦ
662 1640 724 1675 δια
746 1639 939 1684 θαλάσσης

128 1689 325 1731 περῶντος.
363 1707 404 1713 -
440 1687 568 1731 legitur
601 1693 712 1720 tamen
744 1691 779 1720 et
803 1699 857 1732 ap.
883 1699 940 1720 re-

129 1735 298 1770 centiores
324 1742 578 1778 nonnunquam
584 1744 649 1766 vox
667 1731 823 1776 ἔμπορος
841 1745 940 1766 sensu

129 1782 285 1822 vectoris,
311 1779 587 1824 quemadmodum
614 1780 719 1823 Soph.
746 1779 832 1813 Phil.
858 1778 940 1814 514.

130 1826 359 1870 ξυνέμπορον
401 1826 491 1858 dixit
523 1824 639 1858 eadem
675 1836 761 1858 nave
793 1832 940 1866 vectum,

132 1873 271 1917 Oedipo
297 1877 407 1905 autem
433 1872 505 1904 Col.
527 1873 583 1905 25.
606 1876 640 1904 et
659 1872 738 1905 269.
762 1871 941 1904 viatorem.

131 1919 177 1952 cf.
190 1918 346 1961 Aesch31.
359 1918 513 1962 Choe'ph.
527 1918 605 1951 608.
627 1936 672 1941 --
696 1915 808 1961 νηός
831 1915 943 1960 ἐπή-

131 1967 299 2021 βολος,
331 1965 431 1996 navis
457 1974 600 2006 compos.
650 1966 721 1997 Am.
749 1964 790 1999 E.
816 1968 850 1996 et
875 1963 940 2002 Q.=

133 2009 189 2047 ου’
213 2024 299 2054 γαρ
323 2024 355 2044 ν.
383 2008 445 2046 ε’π.
467 2007 628 2052 Ἀττικὴν
654 2010 713 2052 (h.
732 2021 761 2042 e.
781 2009 940 2042 usitatam

133 2057 286 2100 Atticis)
312 2055 407 2091 εἶναι
431 2055 513 2113 τήν
531 2054 627 2093 λε’ξιν
661 2056 752 2098 φησὶ
783 2053 944 2112 Πορφύ-

132 2114 235 2159 ριος·
270 2104 378 2147 δηλοῖ
406 2100 445 2137 δε
473 2099 539 2136 τόν
562 2101 737 2146 ἐπιτυχη,
772 2100 844 2136 ἀπὸ
874 2102 944 2135 τοῦ

132 2149 301 2197 βάλλειν,
334 2150 502 2184 τουτέστι
537 2149 606 2183 τοῦ
638 2147 778 2182 σκοποῦ
811 2145 943 2192 τυγχά-

132 2209 224 2232 νειν.
258 2214 304 2220 -
327 2193 545 2239 Ἄρχιππος,
577 2194 663 2228 νῦν
696 2192 734 2228 6'
760 2191 820 2234 ὧς
844 2193 944 2250 ἐγε-

131 2240 294 2286 νόμην
318 2241 572 2295 χρημάτων
596 2238 851 2284 ἐπήβολος,
879 2238 943 2274 άν-

131 2290 251 2325 vitm}
270 2287 442 2332 ἐπιτυχής
467 2302 496 2322 κ
521 2286 660 2330 κύριος.
685 2287 760 2329 (cf.
782 2285 940 2328 Aeschyl.

131 2339 198 2381 Ag.
223 2336 312 2376 481,
357 2336 469 2368 Prom.
494 2335 582 2373 431,
623 2333 744 2388 ,δορα
770 2335 845 2366 Ant.
873 2331 942 2366 462

133 2381 229 2424 etc.)
261 2400 305 2405 —
339 2382 410 2414 Am.
439 2381 504 2420 Q:
541 2378 582 2414 τὸ
612 2376 745 2418 ω’ςνύ
770 2391 861 2413 που
895 2396 942 2402 -·

132 2426 271 2464 εἶναι
296 2426 365 2461 σύν
373 2425 566 2481 βαρύτητι
584 2426 748 2468 εἴρηται,
772 2424 942 2468 λέγοντος

130 2475 201 2510 τοῦ
232 2471 470 2536 Τηλεμάχου,
497 2471 555 2507 ὅτι
583 2471 621 2506 ἐν
647 2471 816 2515 άλλοτρίῃ
834 2474 943 2505 πλευ-

134 2533 274 2576 σουμαι
296 2519 378 2562 νηΐ·
413 2532 456 2554 ου
487 2517 562 2574 γάρ
586 2519 682 2561 εἰμι,
707 2518 840 2561 φησὶν,
866 2515 943 2551 ἐπι-

132 2567 245 2611 τυχής
264 2569 362 2606 ἰδίας
382 2578 495 2607 νεως,
516 2563 603 2599 ου’δὲ
628 2563 803 2619 κέκτημαι
822 2564 944 2602 ἰδίους

133 2612 269 2657 ἐρέτας.
315 2614 429 2647 τοῦτο
453 2611 522 2656 γὰρ
548 2608 637 2655 υμῖν
657 2607 944 2665 ωφελιμώτατον

163 2658 369 2703 ιό-τερον)
400 2657 495 2694 εἶναι
531 2656 675 2702 ε’φάνη,
709 2656 872 2692 τουτέστι
901 2654 941 2690 τὸ

128 2722 133 2726 ’
154 2704 198 2750 μὲ
217 2704 267 2749 μή
292 2705 382 2748 ἔχειν
407 2706 509 2740 ἰδίαν
530 2705 647 2745 ναῦν,
679 2701 760 2737 ἀλλ’
787 2702 945 2746 ἔμπορος

134 2755 249 2787 πλεῖν.
286 2751 465 2806 ἀναφέρει
498 2748 537 2785 δε
566 2752 618 2790 εἰς
642 2747 780 2789 ἐκεῖνο,
809 2747 866 2784 ὅτι
894 2750 946 2788 εἰς

135 2799 268 2834 πενίαν
289 2795 407 2832 αὐτὸν
422 2797 660 2853 κατέστησαν.
694 2798 845 2839 προεῖπε
863 2794 944 2842 γάρ,

136 2841 348 2885 Ἀντίνο’,
383 2842 540 2884 οὔπως
576 2863 613 2869 -
651 2841 830 2897 νήπιος
867 2843 944 2884 ηας

138 2890 237 2926 ἔστιν
265 2887 335 2925 οὖν
364 2890 520 2931 δυνάμει
545 2888 588 2926 τό
612 2887 756 2932 νόημα,
781 2885 947 2922 άντίτοῦ

139 2936 350 2980 ναυκλήρου
385 2935 438 2970 δι’
468 2937 565 2979 ὑμας
599 2935 774 2980 ἐπιβάτης
801 2933 945 2979 γέγονα,

140 2983 229 3025 τούς
244 2981 547 3029 κατηναλωκότας
561 2996 634 3028 μου
652 2981 716 3019 τὸν
731 2982 901 3018 πλοῦτον.

777 124 1178 167 ΟΜΗΡΟΥ

349 614 436 672 ,,ςΗ
461 616 579 673 μα’λα
613 618 861 686 Τηλέμαχος
891 617 1035 689 φόνον
1063 615 1168 672 ημῖν
1201 617 1465 672 μερμηρίζει·

292 677 322 731 ἤ
350 693 472 726 τινας
501 691 547 717 εκ
581 675 736 717 Πύλου
767 673 855 726 ἄξει
886 673 1137 743 ἀμύντορας
1163 672 1452 729 ἠμαθόεντος,

290 734 320 788 ἢ
351 733 424 788 ὅγε
453 732 526 775 καὶ
557 730 849 801 Σπάρτηθεν,
883 730 974 773 ἐπεί
1002 729 1060 773 νύ
1090 747 1170 784 περ
1201 732 1309 774 ἵεται
1341 731 1488 780 αἰνῶς,

290 789 340 844 ἠὲ
374 790 447 832 καὶ
480 791 538 838 εἰς
562 786 761 858 Ἐφύρην
791 788 948 837 ἐθέλει,
978 789 1152 840 πίειραν
1182 786 1393 841 ἄρουραν,

294 848 458 891 ἐλθεῖν,
491 842 600 899 ὄφρ’
633 845 760 886 ε’νθεν
789 843 1066 913 θυμοφθόρα
1097 842 1297 898 φάρμακ’
1330 843 1484 899 ενείκῃ,

181 909 264 948 330
295 904 341 946 ἐν
372 903 417 945 δὲ
447 900 559 958 βαλη
591 904 799 955 κρητῆρι,
832 902 905 943 καὶ
933 899 1068 955 ἡμέας
1098 900 1263 952 πάντας
1293 898 1498 955 ὀλέσσῃ.“

1031 1410 1111 1445 322.
1160 1407 1376 1464 άθετεῖται,
1391 1406 1552 1452 (intelln
1577 1401 1620 1438 αὖ
1639 1400 1817 1435 Aristar-⁴·

986 1457 1059 1497 cho,
1082 1457 1177 1499 cujus
1195 1457 1349 1489 recensio
1368 1456 1402 1488 in
1422 1453 1573 1488 manibus
1588 1454 1665 1484 erat
1684 1448 1795 1480 Scho-
1830 1466 1832 1468 v

984 1502 1093 1535 liastis
1118 1507 1153 1535 et
1177 1500 1417 1545 grammaticis.
1466 1500 1546 1533 hinc
1569 1496 1653 1531 dicit
1675 1506 1813 1537 προη-’

985 1547 1087 1583 θέτει
1118 1554 1205 1588 etc„
1244 1547 1402 1599 quoniam
1433 1545 1680 1597 Aristophanes
1704 1541 1791 1584 Byz.
1828 1555 1856 1588 q

985 1599 1100 1628 aetate
1125 1594 1307 1627 antecessit
1335 1589 1610 1634 Aristarchum.)
1647 1584 1697 1626 ὦς
1730 1595 1833 1640 ’tf-‘⁷'

985 1638 1115 1682 ριττός.
1141 1639 1272 1683 (idque
1297 1640 1439 1672 merito·
1464 1650 1495 1672 v.
1520 1638 1600 1677 299,
1625 1635 1706 1669 300.
1738 1631 1794 1666 vi-
1830 1650 1856 1668 ⁴

986 1688 1086 1719 detur
1112 1697 1229 1718 versus
1255 1684 1448 1718 acci-exisse
1471 1683 1548 1717 voci
1582 1679 1797 1733 μνηστῆρες,
1829 1694 1832 1714 t
1854 1722 1856 1726 Ι

986 1744 1084 1777 quam
1129 1730 1243 1764 nescio
1287 1731 1363 1775 quis
1400 1730 1535 1774 ineptus
1571 1724 1795 1779 adscripserit
1827 1757 1837 1774 z*

985 1778 1100 1811 verbis
1126 1778 1159 1812 οἱ
1185 1776 1245 1818 δὲ,
1282 1787 1369 1821 quos
1403 1787 1526 1820 procos
1559 1773 1647 1814 dici,
1680 1770 1794 1828 quivis

987 1824 1043 1857 vel
1074 1835 1115 1856 ex
1133 1823 1309 1880 proximis
1341 1822 1550 1867 intelligat.)
1594 1816 1819 1865 προηθὲτει’

988 1868 1027 1905 δε
1051 1870 1113 1904 καὶ
1133 1867 1412 1912 Ἀριστοφάνης.

1033 1917 1145 1950 323-
1148 1914 1229 1950 334.
1255 1914 1390 1949 A.mB:
1416 1911 1530 1949 οἶδ’
1555 1912 1619 1949 ἐπ.
1643 1911 1831 1973 ἕφύβρμ,·ς

988 1964 1071 2004 ζον,
1097 1960 1169 1996 απὸ
1195 1963 1264 1996 τοῦ
1289 1957 1405 2007 λωβὸς
1427 1962 1514 2006 (scr.
1538 1959 1662 2017 λοβὸς)
1686 1958 1706 1997 6
1728 1975 1795 1998 του
1824 1998 1828 2007 ,

988 2008 1101 2042 ω’τίου
1127 2008 1207 2050 (der
1230 2008 1470 2051 Ohrla‘ppen..)
1500 2006 1535 2040 οὶ
1555 2006 1623 2062 γὰρ
1641 2009 1793 2046 παλαιοὶ

988 2067 1076 2094 τους
1092 2053 1248 2110 λωβους
1257 2052 1442 2112 (λοβοὺς)
1466 2065 1540 2087 των
1566 2049 1685 2089 ω’τίων
1709 2053 1793 2091 ἔκο-
1826 2084 1829 2095 ⁴

988 2114 1094 2156 ntov'
1113 2104 1192 2141 τοῖς
1230 2097 1296 2155 ὗπ,
1331 2098 1458 2134 αυτιῦν
1489 2100 1811 2158 τιμωρουμένοις,
1828 2111 1829 2114 ’

990 2149 1041 2187 εἰς
1071 2143 1222 2191 α’τιμίαν
1249 2143 1390 2181 αὐτῶν·
1422 2143 1513 2182 ὅθεν
1541 2146 1603 2180 καὶ
1635 2146 1734 2206 λωβη
1759 2145 1795 2204 ἡ
1854 2157 1856 2171 ·

989 2191 1126 2240 βλάβη,
1152 2194 1213 2228 καὶ
1243 2192 1392 2238 λωβεύω
1418 2190 1460 2226 τό
1485 2190 1634 2247 βλάπτω
1662 2193 1727 2229 διὰ
1753 2192 1798 2230 {1¹-

988 2241 1113 2286 βρεως.
1161 2240 1206 2273 cf.
1242 2250 1318 2273 ann.
1351 2239 1394 2273 ad
1425 2238 1464 2271 ll.
1502 2236 1550 2281 α’,
1581 2240 1661 2274 232.
1711 2239 1796 2286 Ap..
1827 2235 1829 2241 ’
1854 2279 1856 2284 Ι

989 2284 1303 2343 ἐπελώβευον.
1322 2283 1551 2336 ε’πελοόβων,
1586 2285 1795 2329 διέπαιζον·
1822 2290 1828 2326 f

990 2333 1034 2368 οὶ
1071 2330 1107 2366 δ’
1143 2331 1206 2367 ἐπ.
1239 2351 1282 2356 ———
1315 2338 1379 2365 επ.
1413 2329 1718 2375 ἐκερτόμεον
1753 2331 1827 2369 δὲ

989 2380 1049 2423 (v.
1081 2377 1119 2412 11.
1144 2376 1190 2419 α’,
1217 2379 1297 2419 539,
1328 2376 1373 2422 β,
1388 2378 1466 2433 ‚256
1490 2378 1587 2422 etc.)
1621 2377 1795 2422 ἠρέθιζον
1825 2415 1827 2418 ,

989 2423 1279 2480 εἰρωνευόμενοι.
1304 2444 1348 2448 -
1373 2420 1670 2466 αμύντορας,
1695 2427 1796 2460 nuxi-

990 2472 1141 2504 liatores.
1188 2468 1237 2512 π,
1268 2472 1360 2508 256
1397 2470 1433 2503 ΙΙ.
1468 2468 1512 2511 ν’,
1547 2470 1617 2506 384
1648 2476 1716 2506 etc.
1749 2491 1796 2498 -—

990 2514 1012 2561 ἢ
1041 2530 1132 2562 ογε.
1156 2518 1211 2552 55.
1245 2536 1287 2540 -
1319 2512 1538 2560 Ἐφύρην.
1566 2516 1612 2560 α’,
1634 2518 1714 2553 259.
1747 2537 1793 2544 --

990 2560 1313 2607 θυμοφθόρα,
1346 2561 1577 2605 απολλύντα,
1600 2565 1794 2608 morttsera.
1824 2601 1825 2606 ¹

990 2621 1025 2644 v.
1050 2610 1087 2644 ΙΙ.
1114 2608 1153 2651 ζ’,
1180 2611 1256 2645 169.
1279 2628 1326 2633 -
1357 2610 1462 2651 ,’,τις
1495 2607 1534 2645 δ’
1569 2607 1709 2646 οἶδεν
1742 2616 1796 2645 est

992 2657 1084 2700 ejus,
1119 2656 1178 2701 qui
1211 2655 1342 2699 aliquid
1374 2655 1556 2690 verisimile
1588 2668 1664 2690 esse
1695 2661 1798 2701 putat

991 2708 1186 2747 speratque.
1236 2702 1279 2735 cf.
1303 2715 1346 2745 γ,
1372 2703 1452 2741 216,
1486 2701 1526 2735 ΙΙ.
1550 2698 1600 2743 π’,
1625 2705 1704 2738 860.
1714 2705 1740 2722 “
1765 2703 1826 2736 Ε

993 2749 1040 2782 Ὗ.
1089 2759 1154 2793 quo
1179 2758 1280 2781 sensu
1307 2754 1343 2781 et
1362 2754 1532 2782 nostrates
1552 2747 1668 2782 dicere
1685 2749 1799 2783 solent

997 2795 1079 2828 Ποι-
1110 2795 1226 2834 weiss,
1260 2793 1300 2825 ob
1336 2799 1402 2827 etc.
1434 2812 1479 2818 -
1516 2790 1799 2839 ὀφέλλειεν,

993 2846 1151 2884 augeret.
1179 2840 1216 2873 11.
1241 2853 1285 2883 γ,
1309 2840 1354 2873 62
1378 2844 1443 2875 etc.
1470 2858 1507 2865 —
1536 2842 1610 2874 Am.
1633 2841 1692 2874 Β..
1716 2841 1800 2878 πό-

994 2900 1090 2921 νον.
1136 2886 1188 2927 εἰς
1220 2885 1261 2920 τό
1295 2887 1507 2928 μερίζεσθαι
1541 2899 1589 2921 τα
1619 2882 1831 2932 κτήματα.

993 2933 1106 2968 τοῦτο
1127 2931 1166 2967 δὲ
1189 2931 1226 2967 ἐν
1250 2933 1420 2991 εἰρωνεία
1437 2931 1538 2986 φησί.
1563 2933 1724 2986 (recte.)
1747 2948 1798 2971 u-
1822 2955 1824 2957 >

995 2979 1055 3022 νὲς
1071 2977 1111 3015 δε
1132 2977 1199 3024 τὴν
1218 2979 1298 3021 περὶ
1317 2977 1385 3013 τόν
1403 2978 1522 3022 γάμον
1541 2978 1721 3024 σπονδήν.
1817 2995 1843 3026 ι,
