1856 3282
171 125 254 164 1⁰4

336 232 406 274 σοὶ
433 232 478 273 δὲ
507 232 863 303 Κλυταιμνήστρη
893 234 1024 276 δόλον
1050 233 1184 305 η’ρτυε
1211 232 1364 288 τηλόθ’
1396 232 1522 277 ἐόντι.
1534 239 1561 261 “

400 286 483 336 ‘⁴523
515 287 706 343 ἐφάμην,
737 289 760 333 ὁ
790 291 835 331 δέ
864 287 908 343 μ’
942 286 1083 331 αὐτίκ’
1103 289 1392 361 αμειβόμενος
1418 291 1661 350 προσέειπε·

222 344 304 386 440
332 347 427 397 ,,τῷ
454 347 539 385 νῦν
565 344 728 398 μήποτε
755 347 826 389 καὶ
855 345 909 387 σὺ
936 346 1112 399 γυναικί
1139 361 1218 398 περ
1246 345 1380 418 ἤπιος
1400 350 1525 396 εἰναι,

331 388 432 467 μηδ’
464 396 508 441 οἶ
533 404 680 455 μῦθον
712 401 878 443 ἅπαντα
901 402 1225 474 πιφαυσκέμεν,
1256 401 1309 444 ὅν
1336 400 1380 445 κ’
1412 403 1459 445 εὐ
1467 402 1617 462 εἰδῇς,

331 452 440 496 αλλὰ
467 455 516 497 τὸ
544 456 622 509 μὲν
649 457 838 510 φάσθαι,
866 457 915 499 τὸ
945 457 990 500 δὲ
1019 459 1089 500 καὶ
1118 457 1414 527 κεκρυμμένον
1445 462 1568 500 εἰναι.

331 508 427 552 ἀλλ’
463 510 516 554 οὐ
543 511 656 567 σοίγ’
667 545 678 564 ,
707 512 911 563 Ὀδυσεῦ,
942 513 1080 571 φόνος
1110 515 1275 556 ἔσσεται
1303 513 1355 556 ἔκ
1375 529 1423 574 ἵε
1447 511 1672 569 γυναικός·

329 568 427 634 λίην
453 568 536 621 γάρ
568 568 727 624 πινυτή
755 584 818 620 τε,
848 569 920 611 καὶ
950 572 997 611 εὐ
1027 571 1155 624 φρεσὶ
1185 568 1321 625 μήδεα
1350 568 1454 622 οἶδε,

329 621 468 681 κούρη
494 622 719 677 Ἰκαρίοιο,
749 625 975 679 περίφρων
1005 625 1285 681 Πηνελόπεια.

326 681 353 733 ἡ
382 679 461 733 μέν
489 697 563 734 μιι
589 679 767 750 νύμφην
795 697 841 735 γε
869 681 973 735 νέην
1000 684 1302 741 κατελείπομεν
1329 678 1464 735 ἡμεῖς,

327 734 548 790 ἐρχόμενοι
576 737 834 791 πόλεμόνδε·
871 739 972 787 πάϊς
1002 738 1046 781 55
1077 740 1120 780 οἴ
1143 741 1197 793 ἡν
1227 737 1294 780 ἐπὶ
1324 740 1458 807 μαζῷ

325 791 500 845 νήπιος,
535 792 583 842 ός
611 809 698 836 που
731 797 816 836 νῦν
844 809 890 847 γε
920 793 1012 848 μετ’
1042 792 1218 847 ἀνδρων
1247 795 1321 845 ιζει
1350 780 1539 863 ἀριθμῷ,

324 847 491 901 ὄλβιος·
521 853 546 903 ἦ
576 865 660 902 γαρ
690 847 814 904 τόνγε
842 866 979 904 πατηρ
1010 852 1138 905 φίλος
1167 850 1317 896 ὄψεται
1346 848 1503 900 ἐλθών,

324 904 395 945 καὶ
425 919 485 945 κει
490 919 566 954 νος
593 906 755 957 πατέρα
783 905 1119 975 προσπτύξεται,
1150 907 1177 961 ᾑ
1207 905 1330 958 θέμις
1357 904 1482 947 ἐστίν.

323 957 350 1013 ἡ
383 957 424 1001 δ’
457 958 535 1013 ἐμή
567 959 671 1003 οὐδέ
700 975 781 1013 περ
811 964 907 1010 υῑος
938 961 1247 1016 ἐνιπλησθῆναι
1277 961 1443 1010 ἄκοιτις

325 1015 623 1083 ὀφθαλμοῖσιν
654 1016 773 1068 ἔασε,
802 1016 940 1086 πάρος
969 1017 1014 1059 δέ
1045 1034 1095 1071 με
1123 1019 1259 1072 πέφνε
1289 1017 1362 1059 καὶ
1392 1015 1538 1059 αὐτόν.

218 623 299 666 445

212 904 294 947 450

324 1070 429 1113 ἄλλο
464 1071 509 1114 δέ
538 1088 605 1115 τοι
634 1072 761 1124 ἐρέω,
794 1072 846 1115 σύ
879 1071 918 1115 δ’
951 1073 1014 1116 ἐνὶ
1046 1075 1172 1127 φρεσὶ
1202 1073 1355 1143 βάλλεο
1381 1076 1502 1128 σῇσι·

321 1126 540 1183 κρύβδην,
572 1128 672 1183 μηδ’
705 1127 960 1180 ἀναφανδά,

209 1183 291 1226 455
322 1188 409 1253 νῆα
438 1185 751 1252 κατισχέμεναι,
783 1184 878 1226 ἐπεὶ
901 1183 1045 1226 οὐκέτι
1073 1187 1201 1227 πιστὰ
1227 1185 1438 1239 γυναιξίν.

311 1237 408 1281 ἀλλ’
441 1239 516 1294 ἄγε.
545 1256 620 1295 μοι
648 1239 745 1282 τόδε
775 1240 862 1282 εἰπὲ
890 1240 963 1282 καὶ
993 1238 1201 1294 ἀτρεκέως
1229 1240 1473 1292 κατάλεξον,

322 1297 363 1337 εί
390 1310 479 1338 που
510 1296 569 1338 ἔτι
599 1295 780 1348 ζώοντος
809 1294 985 1339 ακούετε
1013 1297 1171 1347 παιδός
1201 1295 1333 1366 ἐμοῖο,

320 1351 348 1406 ἥ
377 1367 465 1394 που
493 1351 540 1395 5v
561 1351 829 1407 Ὀρχομενῷ,
858 1351 887 1407 ἢ
917 1353 962 1395 ἐν
994 1351 1129 1410 Πύλῳ
1156 1350 1408 1422 ἠμαθόεντι,

319 1407 348 1462 ἥ
374 1424 461 1450 που
490 1408 577 1462 πάρ
609 1409 818 1467 Μενελαῳ
849 1408 914 1479 ἐνὶ
942 1398 1126 1465 Σπάρτῃ
1158 1407 1325 1480 εὐρείῃ·

209 1465 292 1509 460
323 1463 376 1508 ου’
398 1481 510 1533 γαρι
523 1481 590 1507 πω
624 1453 832 1519 τέθνηκέν
863 1465 931 1507 ἐπὶ
958 1467 1086 1520 χθονὶ
1116 1468 1208 1515 δῖος
1231 1464 1484 1518 Ὀρέστηςὲζ

386 1519 468 1570 Ὡς
498 1520 620 1576 ἔφατ’
632 1555 642 1572 ,
674 1520 810 1574 αὐτὰρ
843 1521 923 1575 ἐγώ
955 1538 1029 1576 μιν
1058 1520 1339 1592 ἀμειβόμενος
1366 1517 1646 1572 προσέειπον·

319 1574 570 1647 »Ἀτρείδηξ
594 1579 633 1619 τί
662 1593 712 1630 με
740 1581 876 1620 ταῦτα
906 1579 1103 1632 διείρεαι,
1135 1577 1237 1620 οὐδὲ
1267 1593 1306 1620 τι
1336 1574 1450 1626 οἶδα,

321 1632 418 1686 ζώει
445 1632 512 1689 ὅγ’
542 1632 570 1690 η’
599 1632 803 1689 τέθνηκε·
833 1633 969 1679 κακὸν
1000 1634 1043 1678 δ’
1075 1633 1289 1690 ἀνεμώλια
1316 1632 1474 1689 βάζειν.
1488 1635 1515 1656 “

152 1753 197 1800 γ’,
221 1757 288 1791 215
309 1761 374 1790 etc.
398 1777 442 1782 —
476 1755 630 1801 ἤρτυε.
661 1757 949 1802 γ’,152εῐα-

152 1800 322 1846 τηλόθ’
345 1802 486 1838 ἐόντι.
520 1803 564 1844 α’,
588 1805 633 1837 22
655 1812 721 1838 etc.

198 1849 322 1882 440-
329 1850 408 1884 460.
453 1851 646 1893 γυναικί
678 1862 780 1892 περ,
813 1851 949 1884 cuicun-

153 1906 216 1938 que
249 1896 396 1928 mulieri.
443 1907 476 1930 v.
501 1896 605 1929 Schn.
636 1907 667 1928 v.
692 1896 768 1936 πέρ.
792 1915 837 1920 -
877 1908 950 1930 πι-

154 1940 437 1984 φαυσκέμεν.
467 1938 524 1998 β’,
555 1940 621 1981 44,
657 1941 698 1974 ΙΙ.
720 1941 773 1982 κ’,
799 1941 865 1975 478
884 1946 950 1974 etc.

152 2000 198 2010 -ὰ
230 1986 412 2030 πινυτή.
445 1986 501 2028 α’,
531 1987 598 2020 229
621 1991 686 2019 etc.
712 2006 757 2012 -—
794 1985 951 2041 μήδεα

154 2029 269 2066 οἶδε.
299 2031 340 2074 ζ’,
367 2034 409 2067 12
429 2038 494 2066 etc.
517 2050 559 2057 —
591 2032 952 2087 προσπτύξεται.

152 2076 195 2122 γ’,
219 2079 264 2112 22
285 2084 349 2112 etc.
371 2097 414 2102 —
450 2074 482 2133 ᾖ
497 2076 639 2120 θέμις
662 2076 688 2113 5.
733 2079 841 2112 maiim
865 2074 888 2122 ἣ
911 2080 951 2112 θ.

153 2136 182 2159 ε.
226 2134 259 2155 v.
284 2135 360 2159 ann.
385 2124 472 2168 ady
485 2125 573 2163 ,4.5
597 2143 641 2148 —-
681 2122 788 2163 υἷος
815 2125 857 2157 ab
882 2122 951 2165 υἶς,

153 2173 191 2204 ut
215 2167 266 2210 ρ’,
290 2171 380 2211 397,
414 2137 515 2203 Ι1.γν’
529 2195 538 2210 ,
563 2171 631 2203 522
654 2175 720 2202 etc.
759 2181 792 2202 v.
826 2171 950 2203 Matth.

154 2217 186 2268 5.
211 2216 266 2248 89.
286 2234 330 2239 -
361 2214 725 2258 ἐνιπλησθῆναι
749 2213 872 2270 ὀφθη
894 2226 951 2247 sa·-

153 2261 244 2294 tiare
274 2262 397 2294 oculos.
439 2260 518 2294 item
557 2263 739 2303 τροπικῶς
769 2259 818 2301 τ’,
853 2262 950 2295 117.:

152 2303 202 2359 μή
227 2304 363 2349 μᾶλλόν
389 2317 451 2348 μοι
476 2304 604 2349 θυμὸν
638 2305 829 2351 ἐνιπλήσῃς
862 2306 951 2341 ὀδυ-

153 2350 264 2386 νάων.
290 2370 328 2375 -
362 2351 520 2394 πέφνε.
557 2350 601 2393 5,
625 2354 666 2386 91
690 2358 756 2387 etc.
775 2371 818 2376 —
849 2352 951 2396 κρύ-

153 2399 288 2452 βδην
324 2399 524 2431 clanculum
563 2398 621 2441 π’,
655 2399 732 2433 153.
780 2397 866 2431 idem
899 2401 951 2432 est

152 2442 295 2489 κρι’βδα
324 2444 363 2476 ΙΙ.
397 2442 446 2484 σ’,
484 2443 558 2476 168.
588 2462 632 2468 —-
680 2439 949 2486 ἀναφανδά,

151 2490 279 2534 palam.
309 2486 359 2532 γ’,
380 2490 446 2523 221
471 2494 537 2523 etc.
561 2507 607 2513 ——-
641 2490 729 2532 νῆα
761 2501 949 2532 κατισχ,

152 2535 333 2577 κατέχειν,
369 2533 458 2579 quod
487 2533 587 2568 etiam
621 2533 713 2578 ἔχειν
747 2534 831 2568 dicit
855 2537 949 2578 (70),

152 2582 332 2624 appellere
349 2598 394 2604 —
425 2579 589 2619 πιστοὶ,
614 2578 794 2622 ἐνέχυρον,
819 2581 951 2625 pignus,

143 2627 245 2670 fides.
286 2625 388 2659 semel
411 2625 519 2665 dixit·
557 2627 806 2660 recentioribus
838 2632 949 2660 autem

151 2672 310 2705 usitatum
335 2677 389 2704 est
410 2669 523 2704 πιστοὶ
548 2671 689 2705 δοῦναι.
737 2672 788 2704 E:
813 2667 834 2706 5
858 2684 950 2705 ταν-

150 2716 216 2752 τόν
243 2715 318 2751 ἐστι
340 2717 390 2760 τῷ
414 2713 537 2752 οὐκέτι
558 2717 768 2751 πιστευτέον
792 2716 948 2759 γυναιξι,

151 2761 244 2807 μηδὲ
283 2761 531 2818 συγχωρητέον
565 2760 694 2803 αυταῖς
724 2761 948 2806 ἐξονυχίζειν,

152 2822 172 2844 o
197 2808 244 2852 δή
268 2806 428 2862 λέγεται,
460 2805 582 2842 πάντα
605 2808 651 2843 τά
675 2810 950 2850 προσπίπτοντα

151 2858 229 2894 τοῖς
262 2851 442 2896 οἷνδροίσιν
477 2858 541 2886 etc.
567 2873 610 2879 -
659 2856 728 2888 Am.
761 2855 805 2893 Q.
830 2860 865 2888 et
888 2855 950 2887 B.-

151 2897 176 2942 ἦ
209 2899 257 2934 ἐν
290 2898 438 2943 Πύλῳ.
488 2898 588 2940 παρὰ
622 2911 688 2943 μεν
725 2899 882 2939 Νέστορι
912 2898 951 2932 ἐν

152 2943 267 2990 Πύλφ
285 2933 430 2989 «magia
446 2942 560 2980 αὐτὸν
571 2942 666 2981 εἶναι
682 2944 747 2981 διὰ
758 2944 825 2989 τὴν
842 2943 952 2989 ὑπερ-

790 124 1181 167 ΟΜΗΡΟΤ

993 1130 1122 1184 φίλην
1151 1129 1192 1178 ές
1221 1129 1407 1181 πατρίδα
1436 1133 1565 1184 γαῖαν

995 1759 1203 1815 βάλλουσαν
1215 1756 1500 1803 φιλανθρωπίαν
1518 1755 1637 1800 (Scb.=
1658 1754 1798 1800 φιλίαν.

994 1807 1044 1840 E:
1074 1806 1135 1840 διὰ
1155 1805 1220 1849 τὴν
1239 1806 1307 1840 τοῦ
1332 1802 1592 1859 φιλοβασιλέαις
1610 1803 1799 1846 Νέστορος

996 1854 1152 1896 φιλίαν)
1177 1865 1209 1886 κ.
1234 1851 1392 1894 δύναμιν
1413 1850 1482 1885 τοῦ
1498 1848 1702 1890 Νέστορος·
1724 1862 1797 1883 ποι-
1826 1879 1830 1898 3

995 1898 1043 1940 ροὶ
1075 1897 1115 1933 δὲ
1149 1897 1328 1940 ΙὶῙενι-λάῳ
1361 1895 1424 1931 διαὶ
1467 1895 1547 1951 τήν
1564 1894 1795 1939 συγγένειαν·
1825 1902 1831 1934 ζ

995 1941 1063 1979 ἐν’
1071 1945 1266 1989 Ορχομενῷ
1290 1941 1331 1977 δε
1355 1939 1419 1977 διὰ
1436 1940 1504 1985 τήν
1523 1939 1687 1976 α’·συλίαν.
1721 1930 1800 1978 ἐκεῖ

994 2003 1075 2045 γαρ
1088 1990 1150 2024 καὶ
1175 1990 1210 2024 οὶ
1228 1988 1346 2024 κοινοὶ
1363 1990 1436 2022 τῶν
1449 1987 1591 2024 πόλεων
1609 1989 1798 2032 θησαυροὶ
1826 1988 1832 2032 i

996 2034 1125 2078 πρώην
1143 2035 1292 2076 ε’κειντο,
1318 2034 1420 2081 ἱερὸν
1443 2034 1483 2069 δὲ
1502 2034 1611 2069 ἐκεῖσε
1626 2034 1700 2069 τῶν
1716 2038 1795 2069 Χα-

998 2085 1107 2125 ρίτων
1131 2082 1294 2124 μέγιστον
1317 2081 1375 2135 ἠν.
1413 2079 1523 2116 τοῦτό
1552 2091 1669 2135 φησι
1673 2081 1734 2116 καὶ
1760 2079 1794 2118 ὁ.
1830 2119 1831 2122 ,

996 2141 1034 2161 π.
1068 2127 1107 2163 ἐν
1124 2126 1253 2162 Ἰλιάδι
1286 2125 1348 2170 (ι’,
1371 2127 1477 2170 381),
1510 2124 1614 2162 οὐδ’
1648 2122 1714 2162 oo'
1748 2126 1795 2168 ἐς
1827 2127 1833 2170 ’ζ

995 2172 1095 2218 Ὀρχ
1103 2171 1273 2216 ομενὸν
1307 2172 1641 2206 ποτινείσεται.
1690 2183 1724 2208 ν.
1756 2179 1793 2208 et
1826 2177 1833 2213 Ξ

995 2220 1089 2253 iilum
1121 2220 1226 2252 locum
1257 2218 1396 2259 Iliadis,
1430 2223 1467 2252 et
1489 2217 1614 2252 ibidem
1637 2215 1690 2273 β’,
1712 2218 1794 2256 511.
1826 2224 1831 2241 ⁸

995 2265 1046 2298 E.
1079 2284 1123 2289 —
1156 2264 1194 2300 ἐν
1225 2261 1429 2317 Ὀρχομενῷ
1461 2261 1502 2298 δὲ
1535 2263 1598 2298 δια
1628 2261 1671 2299 τὰ
1693 2261 1794 2300 min
1826 2264 1834 2306 ff*

996 2308 1156 2365 ασφαλες
1186 2309 1253 2345 τοῦ
1285 2309 1403 2344 τόπου
1444 2323 1475 2344 κ.
1507 2306 1664 2350 ασυλον,
1698 2309 1794 2346 ἔνθα
1827 2320 1830 2345 ὲ

995 2356 1055 2391 καὶ
1087 2369 1134 2389 τα
1165 2357 1237 2390 τῶν
1267 2355 1371 2398 πέριξ
1398 2354 1542 2390 πόλεων
1573 2354 1792 2393 απετίθεντο
1827 2371 1830 2387 a

995 2400 1172 2447 χρήματα,
1197 2400 1246 2440 ὥς
1263 2402 1324 2436 καὶ
1347 2399 1369 2444 ἡ
1383 2399 1489 2441 Ἰλιὰς
1505 2399 1570 2446 ἔδή
1573 2405 1675 2437 λωσε.
1713 2404 1794 2437 the-
1828 2422 1830 2427 ·

995 2459 1113 2481 sauros
1139 2448 1254 2492 templi
1280 2447 1477 2481 Gratiarum
1502 2448 1620 2481 dicunt
1639 2447 1702 2490 illi,
1725 2460 1793 2493 quo
1826 2466 1830 2479 «

996 2493 1121 2535 templo
1151 2493 1289 2526 maxime
1324 2492 1483 2526 inclaruit
1518 2493 1681 2527 Boeotiae
1710 2495 1793 2528 urbs
1826 2512 1836 2526 »v

995 2539 1235 2572 Orchomenos.
1273 2538 1316 2571 de
1339 2538 1564 2582 vectigalibus
1587 2544 1699 2572 autem
1719 2540 1794 2583 ejus
1828 2566 1829 2569 η

995 2583 1144 2619 maximis
1181 2595 1200 2616 e
1238 2583 1433 2618 commercio
1474 2583 1719 2618 mediterraneo
1758 2596 1793 2621 v.
1826 2603 1830 2618 ·.

995 2629 1165 2662 Mannert.
1187 2631 1218 2663 8.
1245 2641 1278 2674 p.
1299 2630 1364 2664 198
1384 2633 1418 2662 et
1438 2640 1512 2662 ann.
1531 2629 1574 2662 ad
1595 2630 1634 2666 11.
1650 2628 1695 2674 β’,
1711 2631 1791 2666 511.
1827 2659 1830 2671 s

994 2693 1038 2699 —
1063 2672 1115 2707 οὐ
1138 2673 1222 2718 γάρ
1247 2687 1314 2708 πω
1341 2693 1378 2700 --
1401 2672 1629 2728 Ὀρέστης.
1665 2675 1791 2709 habent

995 2719 1123 2752 animae
1165 2725 1367 2753 mortuorum
1413 2720 1565 2754 notitiam
1613 2720 1790 2765 quandam,
1827 2744 1830 2760 ,

994 2765 1146 2809 quamvis
1162 2765 1404 2810 imperfectam,
1422 2776 1532 2799 rerum
1551 2777 1683 2799 suarum
1700 2766 1791 2810 apud

995 2821 1149 2854 superos.
1191 2823 1223 2844 v.
1236 2822 1351 2866 supra
1375 2812 1492 2845 180—
1503 2812 1577 2845 195.
1827 2815 1829 2817 “

1040 2854 1128 2895 462,
1157 2857 1191 2890 3.
1236 2854 1435 2900 Ἀτρείδη
1484 2873 1529 2879 —-
1558 2856 1790 2898 διείρεαις

997 2899 1049 2939 δ’,
1073 2880 1153 2934 49'2.
1173 2921 1218 2926 —
1249 2901 1355 2944 ζώει
1376 2920 1420 2926 ——
1412 2869 1674 2946 navigem&
1675 2903 1790 2944 ‚832

999 2945 1043 2980 cf.
1067 2946 1112 2992 β’,
1137 2947 1213 2980 132
