1856 3282
136 127 217 168 166

747 122 1152 168 ΟΜΗΡΟΥ

301 233 544 305 Loimzocffl'oeg
572 232 656 303 γάρ
686 230 729 276 κ’
759 233 888 284 ἄλλος
917 230 1028 287 ἀνὴρ
1060 231 1326 287 ἀλαλήμενος
1353 234 1494 278 ἐλθών

303 306 362 334 ιετ
407 306 472 333 ενι
499 288 701 359 μεγάροις
730 287 859 332 ἰδέειν
887 288 1045 339 παῖδάς
1074 288 1140 342 τ’,
1171 288 1332 360 ἄλοχόν
1359 307 1423 334 τε·

192 348 272 391 335
303 345 374 389 σοὶ
402 345 445 388 6’
477 344 598 389 ου’πω
627 347 757 415 φίλον
785 344 873 387 ἐστὶ
901 343 1112 414 δαήμεναι
1141 344 1244 389 οὐδὲ
1271 346 1504 397 πυθέσθαι,

301 402 404 471 πρίν
433 400 476 456 γ’
508 401 569 445 ἔτι
597 406 673 471 σῆς
701 400 867 472 ἀλόχου
884 400 1128 456 πειρησεαι,
1156 400 1230 457 ἥτε
1257 417 1328 446 τοι
1357 402 1499 453 αὕτως

298 451 425 529 ἧσται
453 457 516 500 ἐνὶ
543 457 815 513 μεγάροισιν·
844 455 1015 511 ὀιζυραὶ
1044 458 1090 501 δέ
1118 459 1162 500 οἱ
1191 458 1271 501 αἰεὶ

303 513 546 583 φθίνουσιν
573 514 723 563 νύκτες
751 528 794 556 τε
822 513 896 558 καὶ
912 512 1063 584 ἤματα
1093 514 1401 585 δακρυχεούσῃ.
1411 519 1424 564 ]

304 568 446 640 αὐτὰρ
470 569 552 624 ἐγω
581 568 631 613 τὸ
661 569 739 624 μὲν
769 567 923 613 οὔποτ’
956 569 1184 639 ἀπίστεον,
1214 569 1309 614 ἀλλ’
1342 571 1405 613 ἐνὶ
1433 572 1562 628 θυμῷ

193 625 274 669 340
302 625 326 649 *²
353 622 446 681 ᾔδε’
459 657 472 676 ,
500 625 526 668 ὃ
555 626 778 697 νοστήσεις
806 623 959 675 ὀλέσας
986 625 1072 669 άπο
1101 625 1265 677 πάντας
1294 625 1509 680 ἑταίρους·

304 676 413 724 ἄλλά
441 697 510 724 τοι
539 680 622 725 οὐκ
650 681 833 752 ἐθέλησα
864 681 1138 726 Ποσειδάωνι
1165 682 1389 738 μάχεσθαι,

303 738 709 810 πατροκασνγνήτῳ,
738 737 786 788 ὅς
815 753 883 782 τοι
911 737 1043 781 κότον
1072 739 1224 782 ἔνθετο
1253 741 1396 794 θυμῳ,

299 793 536 847 χωόμενος,
567 793 635 836 ὅτι
665 795 709 836 οί
735 793 837 837 υἱόν
866 792 997 849 φίλόν
1026 794 1283 846 ἐξαλάωσας.

297 848 394 891 ἀλλ’
425 848 500 904 άγε
529 864 596 892 τοι
624 850 746 901 δείξω
772 850 944 906 Ἰθάκης
975 850 1092 903 ἓδος,
1122 851 1242 907 ὄφρα
1270 851 1494 905 πεποίθῃς-

189 905 273 949 345
305 904 533 973 Φόρκυνος
560 905 638 959 μὲν
667 905 736 949 ὅδ’
767 907 856 949 ἐστὶ
883 905 1034 962 λιμὴν,
1064 907 1204 951 ἁλίοιο
1231 907 1454 963 γέροντος·

300 958 377 1028 η’δε
407 959 452 1002 δ’
482 960 551 1002 ἐπι
582 960 739 1013 κρατὸς
754 961 939 1029 λιμένος
966 962 1241 1018 τανύφυλλος
1269 963 1408 1017 ἐλαίη·

300 1012 480 1070 [ἀγχόθι
510 1014 555 1059 δ’
585 1014 717 1086 αὐτῆς
746 1015 909 1072 ἄντρον
937 1018 1174 1074 ἐπήρατον,
1205 1019 1431 1073 ἠεροειδὲς,

301 1072 401 1124 ἱρὸν

429 1072 688 1127 Νυμφάων,
719 1076 765 1116 αι
793 1074 965 1127 νηιάδες
993 1075 1242 1119 καλέονται
1253 1077 1267 1129 ]

297 1130 428 1170 τοῦτο
458 1128 505 1172 δέ
533 1144 601 1170 τοι
629 1128 760 1179 σπέος
787 1129 920 1183 εὖρυ,
951 1147 1213 1185 κατηρεφές,
1244 1131 1354 1174 ε’νθοι
1385 1128 1440 1172 συ
1470 1106 1631 1179 πολλὰς

191 1184 273 1227 350
303 1181 497 1237 ε’ρδεσκες
529 1183 748 1254 Νύμφῃσι
765 1186 1002 1255 τεληέσσας
1031 1186 1289 1256 εκατόμβας

299 1243 429 1284 τοῦτο
460 1240 506 1284 δὲ
534 1239 732 1295 Νήριτόν
761 1240 876 1284 ἐστιν
906 1241 1031 1297 ὅρος,
1061 1242 1343 1299 καταειμένον
1372 1239 1510 1298 υλῃ.“

133 1393 196 1429 καὶ
228 1392 395 1440 ἀγχίνοια
433 1395 655 1442 φρονήσεως.
701 1395 725 1442 ἡ
766 1410 832 1442 μεν
862 1396 930 1442 γὰρ

134 1439 260 1497 σκέψις
281 1441 354 1476 ἐστὶ
377 1455 445 1478 του
470 1443 618 1485 δέοντος
635 1443 673 1479 ἐν
696 1446 826 1490 βραχεῖ
846 1443 929 1489 χρό-

132 1497 186 1541 νφ
210 1483 454 1545 ἇγχινοοῢσα,
484 1489 670 1526 τουτέστιν
701 1488 806 1534 ἐγγὺς
834 1503 866 1526 κ.
891 1487 930 1525 ἐν

133 1529 300 1589 ὀλιγίστῳ
322 1533 452 1594 χρόνῳ,
475 1532 498 1580 ἡ
524 1535 564 1572 δὲ
568 1536 767 1591 φρόνησις
786 1533 831 1572 οὗ
855 1549 930 1572 τοι-

134 1576 251 1624 αύτη,
276 1578 359 1615 ἀλλ’
383 1581 454 1627 ἔχει
475 1581 696 1628 παράτασιν.

177 1655 385 1696 333-338.
433 1671 499 1694 non
530 1659 572 1694 de
603 1660 707 1695 ιιίΙιίΙο
733 1664 806 1702 est,
840 1660 930 1705 quod

134 1703 351 1739 Scholiastae
381 1706 454 1740 Am.
487 1707 532 1747 Q,
568 1710 604 1740 et
639 1707 737 1741 Harl.
780 1707 864 1740 haec
894 1706 931 1739 in

134 1749 358 1794 suspicionem
379 1751 475 1786 nobis
493 1751 677 1787 adducunt.
713 1763 852 1796 quorum
877 1751 933 1785 hic

136 1795 272 1840 quidem
295 1808 357 1853 ap.
367 1797 552 1831 Porsonum
570 1799 678 1832 verbo
691 1801 821 1832 tantum
840 1808 930 1831 com-

134 1846 297 1876 memorat
317 1840 386 1886 τὴν
408 1842 595 1895 ἀθέτησιν.
642 1845 702 1878 sed
738 1846 807 1877 Am.
821 1867 831 1885 ,
866 1843 928 1876 ad-

133 1886 214 1921 ditis
231 1887 437 1923 rationibus:
461 1886 699 1932 αθετοῦνται,
713 1888 836 1946 inqpit,
855 1889 929 1923 στί-

131 1944 192 1977 χοι
215 1944 265 1975 ς,
300 1931 358 1970 ὅτι
391 1932 502 1970 οὕδεν
533 1935 660 1979 εἴληφε
689 1933 780 1979 παρ’
810 1932 930 1969 αὐτοῦ

132 1983 284 2024 σημεῖον
314 1981 385 2015 τοῦ
415 1980 523 2035 μήπω
548 1980 746 2036 βούλεσθαι
775 1979 843 2025 τήν
866 1993 930 2024 γα-

131 2025 243 2070 μετὴν
265 2026 385 2061 ἰδεῖν.
386 2024 621 2062 τονναντίον
639 2025 721 2081 γὰρ
732 2026 795 2061 διὰ
816 2027 928 2062 τοῦτο

133 2071 235 2129 αὐτῷ
269 2070 522 2116 ἐπιφαίνεται,
562 2074 623 2107 ἵνα
652 2069 777 2119 κρυψῃ
810 2070 930 2108 αὐτου

131 2117 200 2163 τήν
210 2105 378 2153 εἰσοδον.
409 2119 512 2162 (haec
536 2119 660 2153 affecta
682 2124 772 2160 sunt,
796 2130 859 2152 nec
876 2119 930 2152 in-

132 2168 242 2222 tegra.
276 2164 487 2199 scribendum
507 2165 654 2198 arbitror
678 2166 711 2198 6.
730 2165 840 2199 τοῦτο
862 2162 929 2199 αὖ·

131 2209 174 2245 τὸ
197 2208 446 2254 ἐπιφαίνεται,
479 2221 541 2254 per
570 2211 657 2244 illud
684 2211 793 2254 ipsum
818 2221 930 2254 appa-

132 2259 198 2296 ret,
221 2266 261 2289 ex
283 2256 343 2288 illo
364 2256 438 2299 ipso
460 2256 677 2309 intelligitur.
715 2255 794 2310 quid
818 2256 929 2290 vcro?

133 2308 253 2345 nempe
280 2300 316 2334 id
345 2301 436 2334 sorte
467 2300 615 2343 excidit,
651 2302 714 2334 hoc
745 2301 841 2342 scil.
873 2301 928 2335 vel

132 2345 294 2389 quiddam
317 2346 500 2390 ejusmodi,
528 2344 586 2381 ὅτι
608 2350 842 2391 μεταμορφοῒ
861 2345 930 2382 τὸν

132 2390 325 2432 Ὀδυσσέα,
355 2392 416 2426 ι’να
440 2410 485 2417 -
506 2392 662 2428 εισοδον.
692 2393 824 2439 cupivit
847 2405 929 2427 sane

131 2436 275 2482 Ulysses
297 2436 414 2472 videre
441 2438 634 2483 conjugemg
669 2440 759 2483 quod
791 2445 829 2472 ut
852 2443 926 2473 tuto

132 2486 261 2527 posset,
283 2484 537 2517 transformavit
561 2495 634 2517 cum
653 2483 729 2526 dea,
755 2496 797 2519 ne
814 2496 924 2529 agno-

133 2533 294 2562 sceretur.
339 2528 460 2573 quodsi
483 2540 547 2562 non
572 2529 755 2573 cupiisset,
780 2542 844 2564 nec
866 2542 924 2573 με·

131 2571 364 2618 ταμορφιόσει
386 2585 471 2619 opus
495 2578 579 2608 erat.
614 2577 699 2608 haec
723 2576 839 2620 procul
863 2577 926 2608 ‹lu-

132 2619 189 2653 bio
209 2621 376 2654 sententia
403 2625 456 2653 est
477 2620 592 2653 borum
617 2620 823 2663 verborum.)
864 2621 923 2656 616

133 2665 196 2700 καί
218 2675 308 2710 φησι
329 2666 454 2722 (383),
475 2660 500 2710 ἦ
523 2664 647 2709 μάλα
672 2666 726 2709 δή
751 2666 926 2710 Ἀγαμέ-

134 2722 308 2755 μνονος
331 2708 596 2769 ’Λτρειδαο
654 2712 927 2747 Φθίσεσθαι

133 2756 276 2792 κακὸν
299 2753 427 2791 οἶτον
450 2755 519 2792 ἐνὶ
538 2755 790 2813 μεγάροισν
809 2757 927 2802 ἔμελ-

135 2805 236 2844 λον,
263 2802 322 2836 Εἰ
341 2801 399 2845 μή
423 2815 501 2846 μοι
525 2814 577 2837 συ
605 2801 793 2844 ε’καστα,
817 2803 926 2861 θεά,

134 2847 252 2883 κατὰ
280 2850 460 2904 μοῖραν
494 2847 660 2889 ἔειπες.
708 2845 826 2892 ου’τως
858 2844 926 2885 οὖν

136 2891 247 2933 αὐτὸς
266 2891 428 2937 ἠπείγετο
447 2894 501 2927 taz
507 2897 541 2927 ἵν
560 2892 628 2938 τὴν
645 2893 814 2939 γαμετήν.
849 2901 927 2941 pot-

136 2943 209 2973 erut
232 2939 294 2972 hoc
318 2939 464 2981 adjicere
489 2940 624 2979 schol,
666 2940 781 2986 inepte
815 2940 926 2975 sactu-

976 1411 1046 1434 rum
1066 1400 1172 1434 fuisse
1182 1401 1356 1445 Ulyssem,
1379 1398 1408 1432 si
1431 1397 1474 1432 ad
1494 1407 1633 1431 uxorem
1650 1395 1772 1430 filium-

975 1457 1041 1491 que
1065 1451 1298 1500 properasset
1306 1446 1341 1479 in
1366 1448 1476 1486 terra,
1500 1455 1587 1489 quae
1609 1443 1684 1488 ipsa
1707 1452 1773 1475 non

974 1503 1053 1534 sua,
1078 1494 1139 1527 sed
1161 1492 1365 1547 peregrina,
1390 1501 1466 1524 esse
1487 1490 1673 1523 videretur.
1705 1485 1774 1530 igi-

974 1542 1032 1571 tur
1062 1538 1294 1583 separavimus
1326 1537 1412 1570 haec
1451 1547 1472 1569 a
1505 1534 1677 1579 genuinis.
1730 1531 1774 1565 de

973 1584 1053 1619 337.
1078 1590 1113 1618 et
1135 1586 1202 1620 338
1230 1595 1262 1617 V.
1286 1581 1326 1624 λ’,
1354 1582 1433 1618 181.
1457 1583 1493 1614 et
1518 1582 1595 1615 182.

1019 1641 1100 1675 339.
1133 1638 1378 1679 ἀπίστεον,
1397 1638 1608 1690 diffidebam.
1635 1636 1687 1670 Ε.
1705 1632 1775 1679 οροι

977 1683 1016 1721 6’
1041 1685 1207 1721 ἐνταῦθα
1229 1685 1270 1721 τὸ
1291 1684 1514 1719 ἀπιστεῖν
1537 1679 1588 1724 ὡς
1606 1680 1774 1718 ἐναντίον

977 1731 1144 1770 κείμενον
1165 1733 1217 1778 τῷ
1241 1730 1439 1767 εἰδέναι.
1465 1729 1522 1774 (⁶²)

1022 1788 1102 1824 340.
1150 1785 1335 1833 νοστήσεις
1365 1787 1534 1821 soloecum
1565 1789 1619 1819 est
1649 1783 1684 1818 in
1718 1794 1771 1826 eo,

976 1834 1035 1879 qui
1057 1846 1181 1869 revera
1201 1836 1268 1890 jam
1291 1833 1406 1868 rediit.
1453 1841 1613 1876 ponamus
1642 1829 1775 1875 νοστή-

975 1892 1064 1922 σοις.
1110 1881 1210 1915 Sch.·
1235 1877 1292 1916 ότι
1315 1877 1545 1919 ἐπανέλθοις.

1020 1939 1109 1982 342,
1133 1939 1168 1973 3.
1213 1936 1257 1981 λ,
1281 1937 1366 1978 101,
1390 1936 1423 1969 9.

1019 1995 1098 2030 344.
1147 1993 1192 2030 ἕδ
1203 2007 1222 2028 ο
1235 2007 1271 2035 ς,
1313 1994 1445 2035 sedem,
1485 1991 1597 2026 situm.
1652 1989 1774 2024 Voss.=

975 2043 1097 2083 komm,
1123 2041 1178 2074 dir
1196 2039 1286 2085 zeig’
1305 2040 1361 2073 ich
1378 2039 1434 2073 die
1453 2039 1536 2084 lage
1554 2048 1618 2071 von
1633 2036 1774 2072 Ithaka.

1018 2096 1107 2137 345,
1132 2098 1166 2131 6
1210 2098 1275 2137 96,
1301 2097 1379 2130 102.

1019 2153 1108 2194 347,
1131 2155 1164 2188 8.
1210 2150 1572 2198 Eustathesp.1743,
1595 2150 1618 2184 l.
1638 2150 1775 2205 30-1)

974 2199 1027 2233 dit
1050 2210 1116 2244 que
1141 2210 1198 2232 ces
1222 2199 1311 2233 deux
1336 2210 1414 2233 vers
1422 2164 1567 2232 p6taient
1584 2194 1668 2230 omis
1691 2195 1776 2230 dans

975 2245 1145 2298 plusieurs
1164 2245 1222 2278 des
1240 2245 1422 2278 anciennes
1440 2243 1596 2277 e'ditions.
1626 2240 1774 2286 Kniglit‚

976 2290 1033 2335 qui
1067 2301 1108 2324 ne
1132 2291 1181 2323 les
1214 2290 1327 2324 admet
1349 2300 1432 2343 pas,
1465 2288 1553 2323 croit
1582 2299 1628 2332 qu
1630 2287 1683 2320 ’ils
1713 2292 1774 2321 ont

976 2338 1031 2370 eu}
1063 2334 1161 2370 mal
1152 2348 1171 2368 a
1195 2346 1281 2380 prop
1285 2346 1321 2369 os
1355 2335 1440 2368 tires
1473 2334 1551 2368 d’un
1583 2338 1682 2368 autre
1712 2344 1774 2366 ειι-

975 2381 1066 2415 droit,
1099 2382 1142 2414 de
1171 2393 1210 2414 ce
1242 2383 1345 2415 chant
1375 2381 1480 2425 (103,
1504 2381 1557 2421 4).
1605 2377 1703 2412 Wolf
1724 2379 1774 2412 les

974 2427 1140 2461 renferme
1165 2431 1262 2461 entre
1286 2427 1376 2460 deux
1400 2425 1603 2471 ρειειιῑΙιὲε
1588 2433 1634 2458 ‘ms
1658 2424 1774 2458 Mont-

974 2474 1038 2507 bel.

1014 2518 1094 2554 3'49.
1142 2515 1267 2561 εὐρύ.
1301 2517 1350 2552 sic
1380 2516 1517 2571 plurimi
1549 2515 1669 2558 codd,
1702 2516 1770 2548 tam

970 2563 1103 2608 scripti,
1124 2575 1220 2607 quam
1236 2574 1402 2608 impressu
1427 2563 1530 2603 solus,
1546 2562 1636 2607 quod
1653 2560 1770 2601 sciam,

973 2614 1011 2643 Α.
1027 2611 1060 2644 3.
1085 2614 1121 2642 et
1137 2609 1186 2642 Ε.
1211 2610 1297 2645 ἐστι’.
1340 2619 1423 2653 quos
1443 2615 1554 2641 tamen
1570 2607 1678 2641 secuti
1695 2611 1772 2639 sunt

971 2655 1016 2688 W
1041 2659 1076 2688 et
1102 2655 1140 2688 B.
1187 2656 1229 2689 ΙΙ.
1255 2654 1304 2695 ν’,
1327 2655 1406 2689 39.ι
1442 2653 1514 2688 ἔστι
1538 2652 1579 2688 δέ
1604 2665 1639 2688 τι
1666 2649 1774 2690 σπέος

974 2698 1060 2745 ευρύ
1075 2701 1234 2757 βαθείης
1251 2700 1398 2747 βένθεσι
1411 2700 1550 2745 λίμνης.
1568 2718 1614 2726 —-
1637 2709 1773 2741 κατη-

973 2758 1118 2790 ρεφες.
1154 2760 1191 2788 ι,
1215 2750 1291 2783 183.

1018 2803 1138 2837 350-
1151 2804 1228 2838 355.
1255 2802 1482 2846 ἔρδεσκες
1505 2800 1700 2842 sacrificare
1717 2807 1772 2831 eo-

975 2849 1078 2882 lebas.
1114 2849 1322 2884 v.01.ann.
1347 2848 1390 2882 ad
1414 2848 1454 2880 ll.
1480 2846 1604 2888 a'.‚3⁷
1620 2862 1666 2871 -—
1688 2845 1775 2878 τελ.

974 2893 1250 2940 ἑκατόμβας.
1287 2895 1339 2936 δ’,
1363 2894 1432 2929 859
1452 2897 1518 2926 etc.
1547 2910 1591 2916 —
1632 2887 1774 2933 Νήρι-

975 2950 1067 2975 τον
1106 2941 1128 2974 ι’
1143 2941 1230 2981 ,.99
1252 2960 1295 2964 -
1329 2919 1657 2982 καταειμένον
1679 2932 1776 2980 ὕλῃ,
