1856 3282
146 106 227 146 186

768 107 1164 151 ΟΜΗΡΟΥ

311 213 419 258 ἀλλά
447 230 524 272 μιν
549 214 704 272 ἠθεῖον
731 217 895 269 καλέω,
929 217 1004 262 καὶ
1031 217 1193 274 νόσφιν
1221 216 1395 263 ἐόντα.“

503 322 621 354 sancte
643 319 779 364 adjurat
801 320 965 365 Ulysses,
993 320 1085 356 illum
1108 320 1294 356 rediturum
1318 333 1405 356 esse.

195 387 275 429 150

394 385 480 430 T6v
509 386 555 430 6'
583 383 685 431 αὖτε
710 386 935 441 προσέειπε
963 387 1178 439 πολύτλας
1206 390 1299 439 δῖος
1324 388 1577 441 Ὀδυσσεύς

300 458 374 494 ,,ω
405 441 521 514 φίλ’,
552 443 695 512 ἐπειδή
725 443 905 498 πάμπαν
934 441 1154 496 ἀναίνεαι,
1185 444 1288 489 οὐδ’
1316 445 1378 489 ἔτι
1405 449 1561 502 φῆσθα
1589 468 1594 473 ·

299 502 448 542 κεῖνον
475 498 748 551 ἐλεύσεσθαι,
776 500 924 555 θυμὸς
952 500 997 544 δέ
1027 517 1095 544 τοι
1127 499 1220 544 αἰὲν
1252 500 1443 554 ἄπιστος,

298 552 398 597 ἀλλ’
426 572 508 610 εγω
537 555 621 600 οὐκ
650 555 791 608 αὕτως
819 556 1092 627 μυθησομαι,
1122 555 1232 600 ἀλλά
1263 557 1347 601 σύν
1376 557 1507 616 όρκῳ,

299 609 356 662 ὦς
384 617 520 656 νεῖται
541 611 762 664 Ὀδυσεύς

187 667 267 712 155
297 665 465 721 αὐτίκ’,

818 611 1070 668 εὐαγγέλιον
1101 614 1148 656 δέ
1176 630 1252 668 μοι
1281 614 1386 657 ε’στω

497 668 588 712 ἐπεί
616 685 690 712 κεν
718 673 861 721 κεῖνος
889 669 971 712 ἰων
999 669 1052 713 τοὶ
1083 668 1112 713 ἃ
1141 668 1315 725 δώμαθ’
1347 671 1512 741 ι’κηται·

297 722 449 777 [ἕσσαι
477 741 528 781 με
557 725 739 781 χλαῖνάν
766 742 831 778 τε,
861 725 1020 781 χιτωνά
1050 741 1118 778 τε,
1123 727 1323 796 ’νεῖματα
1326 725 1460 770 καλά·
1471 729 1485 779 ]

292 780 397 834 πρὶν
426 780 472 824 δέ
500 797 570 833 κε,
600 783 672 825 καὶ
701 781 819 838 μάλα
846 798 925 852 περ
952 782 1243 852 κεχρημένος,
1267 781 1365 826 οὔτι
1393 781 1607 838 δεχοίμην.

294 835 453 891 ἐχθρὸς
481 837 564 906 γάρ
594 854 671 893 μοι
702 844 846 890 κεῖνος
875 838 994 909 ὁμῶς
1023 838 1152 882 ἀίδαο
1181 838 1343 906 πύλῃσι

290 894 502 947 γίγνεται,
535 892 584 943 69
611 895 738 963 πενίῃ
767 896 895 938 ε’ίκων
925 894 1138 950 ἀπατήλια
1166 895 1296 951 βάζει.

181 952 261 995 160
289 950 394 991 ι’στω
424 953 510 992 νῦν
539 949 649 1001 Ζευς
677 953 828 1020 πρῶτα
851 954 994 1002 θεῶν,
1023 952 1165 1020 ξενίη
1168 967 1213 994 τε
1241 950 1450 1004 τράπεζα·

293 1005 431 1075 [ἱστίη
460 1004 501 1048 τ’
531 1003 746 1077 Ὀδυσῆος
776 1005 1028 1062 ἀμύμονος,
1055 1005 1111 1062 ἣν
1123 1004 1370 1076 ἀφικάνω·
1383 1011 1396 1060 ]

289 1063 316 1115 ἡ
347 1060 426 1132 μέν
453 1078 522 1106 τοι
549 1061 651 1106 τάδε
679 1063 821 1106 πάντα
849 1065 1069 1113 τελείεται,
1100 1079 1159 1114 ως
1189 1062 1401 1116 ἀγορεύω
1555 1096 1558 1098 ψ

290 1116 415 1161 τοῦδ’
449 1117 588 1163 αὐτοῦ
615 1119 888 1176 λυκάβαντος
917 1119 1132 1164 ἐλεύσεται
1165 1117 1317 1163 ενθάδ’
1344 1116 1602 1168 Ὀδυσσεύς·

120 1251 220 1286 καλω
237 1249 351 1288 αὖτόν
365 1250 594 1296 Ὀδυσσέα,““
571 1267 595 1299 η
617 1253 830 1314 δεσπότην,
833 1252 924 1293 ἀλλά

119 1295 285 1342 ἀδελφὸν
306 1299 457 1343 μείζονα
476 1299 539 1335 δια
565 1300 633 1346 τήν
656 1302 751 1345 πρὸς
774 1301 836 1345 ἐμὲ
860 1316 923 1348 φι-

117 1346 346 1401 λοστοργίαν.
393 1346 435 1382 τὸ
461 1345 501 1382 δὲ
524 1345 659 1393 ἠθεῖε
684 1349 748 1404 (Il.
771 1347 818 1392 ζ’,
841 1351 922 1390 518,

116 1388 163 1433 κ’,
185 1392 250 1432 37,
275 1390 320 1437 χ’,
339 1393 419 1434 229,
443 1395 541 1438 239)
565 1393 824 1440 προσφωνησίς
847 1394 922 1431 ἐστι

115 1436 295 1481 νεωτέρου
319 1438 414 1483 πρὸς
437 1442 596 1484 pel-§wa
638 1447 737 1476 vetus
761 1443 860 1476 avia.
884 1453 919 1477 v,

115 1494 192 1517 ann.
226 1484 270 1518 ad
298 1484 339 1521 Il.
371 1484 474 1528 ζ,1.
506 1499 536 1520 c.
583 1487 736 1521 Patrocli
777 1488 920 1522 animam

114 1527 249 1575 ἡθείην
270 1530 434 1575 κεφαλὴν
458 1532 610 1586 appellat
634 1533 780 1567 Achilles
803 1534 844 1567 Il.
866 1531 920 1577 ψ,

114 1574 185 1618 94.,
209 1587 252 1610 ex
274 1589 340 1622 quo
364 1577 399 1611 id
424 1583 518 1612 certe
541 1577 724 1622 intelligas,
751 1580 919 1614 notionem

113 1601 234 1656 frat’ris
257 1634 324 1657 non
349 1635 425 1658 esse
441 1625 629 1668 subjectam
645 1625 723 1659 huic
739 1627 920 1660 vocabulo.

113 1679 229 1702 verum
247 1680 290 1722 ne
305 1669 469 1704 seniorem
487 1671 623 1716 quidem
641 1670 790 1705 Eumaeo
812 1671 920 1716 U13s-

114 1725 182 1747 sem
207 1714 399 1771 quisquam
408 1720 572 1773 praestet,
597 1716 657 1750 sed
682 1717 844 1762 aequales
865 1717 917 1750 vi-

114 1760 196 1794 dent
182 1763 250 1794 t-ur
270 1781 316 1787 —-
349 1760 523 1807 νόσφιν
546 1761 708 1804 ἐόντα,
733 1764 917 1805 absentem,

115 1804 160 1842 οὗ
183 1805 386 1852 παρεόντα,
411 1812 449 1842 ut
472 1807 569 1842 modo
593 1808 682 1843 idem
705 1808 804 1843 dixit.

161 1877 371 1912 151—155.
420 1873 523 1911 οὐδ’
559 1875 627 1911 ἔτι
658 1896 704 1901 -
736 1875 917 1913 ἐλεύσε-

115 1923 247 1963 σθαι,
281 1934 457 1979 negasque
486 1923 584 1980 illum
610 1923 762 1966 amplius
784 1924 915 1957 reditu-

113 1979 190 2001 rum
207 1979 289 2002 esse.
306 1987 349 1995 —
374 1966 460 2004 οὐκ
485 1968 638 2010 αύτως
657 1967 722 2012 (δ’
735 1970 801 2004 665
815 1971 914 2012 etc.,)

113 2026 182 2048 ποπ
203 2020 348 2056 temere,
372 2015 432 2049 sed
457 2027 550 2050 vere.
570 2035 616 2040 —
639 2018 811 2056 νεῖται,
835 2016 916 2048 red-

114 2061 162 2102 it,
188 2060 325 2095 redibit.
358 2060 411 2103 δ’,
436 2062 515 2096 633.
549 2080 594 2086 -
634 2059 916 2116 εὐαγγέλιον

114 2085 241 2150 (168),
281 2108 406 2141 donum
446 2118 508 2151 pro
542 2108 633 2141 laeto
664 2109 795 2142 nuntio.
841 2107 916 2151 ipse

115 2153 252 2186 nuntius
284 2153 393 2187 laetus
415 2152 643 2208 intelligitur,
677 2165 749 2187 cum
772 2155 856 2209 haec
880 2157 917 2186 et

115 2198 237 2233 similia
261 2198 394 2241 dicunt,
425 2196 612 2243 εὐαγγέλια
635 2197 764 2240 θύειν,
796 2197 917 2242 εύαγγ.

114 2245 342 2288 στεφανοῦν.
365 2257 397 2279 v.
415 2245 590 2301 Aristoph.
609 2245 702 2279 Plut.
719 2247 797 2289 759,
823 2245 915 2289 Equ-

113 2292 202 2334 598,
228 2292 307 2327 607.
326 2310 372 2315 -
403 2290 452 2325 ἰ
427 2304 505 2332 ων,
531 2302 697 2326 reversus.

160 2348 237 2382 156.
283 2358 401 2381 versus
427 2347 544 2382 merito
577 2352 737 2387 notatus,
769 2359 836 2392 quo
860 2358 915 2381 ca-

113 2398 190 2427 rent
214 2395 253 2427 A.
278 2394 311 2427 2.
337 2398 371 2426 et
393 2395 445 2435 3.,
469 2394 615 2438 itemque
640 2396 662 2428 2
686 2394 788 2427 MSS.
818 2394 916 2428 Tho-

112 2451 185 2473 mae
218 2439 376 2483 Bentleji.
423 2446 604 2485 praeterea
634 2439 812 2484 vestigium
844 2440 918 2482 ejus

113 2485 234 2518 nullum
264 2489 318 2519 est
346 2496 401 2530 ap.
436 2485 656 2520 Eustathium
690 2491 725 2519 et
760 2485 917 2519 Scholia-

111 2536 192 2564 stas.

159 2589 278 2623 157—
292 2588 371 2623 166.
418 2588 491 2622 Αιιι.
517 2588 561 2628 Q.
588 2592 623 2622 et
646 2587 708 2622 B..
700 2600 708 2609 ·
731 2587 841 2631 πριν
866 2585 918 2621 δέ

112 2645 169 2668 κε.
203 2634 351 2689 πρῶτον
375 2634 464 2692 (scr.
482 2634 672 2689 πρότερον.
698 2634 850 2675 Buttm.)
876 2631 917 2667 δὲ

111 2678 152 2714 τό
179 2677 406 2724 εύαγγέλιον,
415 2678 524 2737 ἤτοι
554 2679 596 2715 τό
621 2677 698 2715 ὑπὸ
722 2680 787 2724 τῆς
811 2679 919 2723 ἀγγε-

111 2727 191 2766 λίας
215 2727 357 2781 δωρον,
387 2725 467 2761 οὔτι
491 2728 686 2771 δεχοίμην,
710 2726 841 2767 καίπερ
859 2725 917 2760 ἐν·

113 2771 198 2815 δεὴς
220 2769 409 2816 ὑπαρχων.
431 2792 474 2798 -
498 2772 613 2828 ἐχθρ
594 2773 674 2817 ρός
697 2791 740 2796 --
765 2770 914 2827 βάζει.

112 2817 267 2851 similiter
289 2819 437 2852 Achilles
454 2819 493 2852 Il.
515 2833 552 2860 ι,
568 2821 669 2855 312..
694 2814 828 2874 ἐχθρὸς
844 2816 915 2876 γάρ

112 2874 175 2903 μοι
199 2867 317 2905 κεῖνος
341 2861 441 2906 ὅμως
465 2862 580 2901 ἀῖδαο
600 2861 794 2920 πύλῃσιν,”“
794 2862 854 2904 Ός
876 2862 915 2907 χ’

114 2906 237 2951 ἕτερον
258 2908 326 2953 μεν
348 2910 469 2956 κεύθῃ
500 2909 554 2946 ἐνὶ
579 2923 629 2955 φρ
611 2913 730 2953 ρεσὶν,
763 2907 850 2944 ἄλλο
874 2907 916 2943 δὲ

113 2953 224 3000 βάζῃ,
248 2956 304 2990 ubi
330 2968 362 2990 v.
389 2967 466 2991 ann.
502 2956 588 2991 male
606 2957 689 2990 haec
710 2955 917 2991 insimulavit

955 1670 1118 1712 finietur,
1152 1673 1191 1702 ut
1224 1670 1342 1702 νεῖται
1366 1665 1442 1702 154.

968 1253 1176 1298 Knightius;
1209 1255 1397 1307 contraque
1423 1253 1500 1289 161.
1532 1263 1594 1297 pro
1625 1251 1769 1296 genuino

968 1300 1088 1334 habuit
1111 1311 1185 1334 cum
1208 1299 1480 1341 recentioribus,
1513 1309 1611 1352 quem
1635 1309 1768 1332 versum

968 1357 1011 1380 ex
1033 1346 1185 1400 margine
1207 1345 1389 1401 irrepsisse
1411 1343 1579 1379 intellexit
1601 1344 1675 1378 Αιιι.
1700 1344 1768 1384 Q.

966 1391 1222 1436 μετενήνεκται
1266 1389 1340 1426 ἀπὸ
1375 1390 1449 1426 τῶν
1481 1389 1563 1434 εξῆς
1594 1388 1654 1424 επὶ
1694 1389 1768 1424 τῶν

966 1438 1086 1481 (scrib.
1100 1438 1254 1494 επηταῖν
1271 1438 1344 1471 sive
1368 1436 1566 1492 ἓπητικιῦν)
1589 1434 1680 1480 πρὸς
1701 1434 1770 1479 τὴν

966 1483 1184 1542 Πηνελόπην
1207 1482 1324 1540 λόγων
1349 1482 1410 1526 (τ’,
1432 1482 1539 1539 304)·
1574 1481 1677 1517 οὔπω
1700 1495 1768 1527 γαρ

966 1529 1122 1575 ἀφῖκται
1156 1532 1208 1571 εἰς
1239 1529 1306 1574 τὴν
1335 1527 1495 1565 ἐὈδυσσ
1481 1541 1544 1569 ως
1568 1529 1698 1564 οἰκίαν.
1724 1548 1768 1554 -

965 1576 1094 1618 τάδε,
1118 1579 1222 1620 haec,
1248 1587 1335 1621 quae
1360 1575 1513 1609 dicturus
1533 1585 1615 1611 sum.
1636 1593 1682 1600 —
1704 1587 1767 1610 τε-

965 1624 1164 1665 λείεται,
1190 1635 1210 1657 a
1233 1622 1373 1664 τελείω,
1400 1621 1591 1677 perficitur,
1609 1632 1671 1674 pro
1689 1632 1768 1665 per-

1477 1677 1539 1710 pro
1574 1664 1768 1709 ἐλεύσεται,

963 1714 1055 1760 quod
1088 1694 1172 1748 d’icit
1203 1718 1370 1758 sequente
1401 1723 1513 1746 versu.
1571 1712 1686 1746 modus
1717 1713 1767 1746 lo-

963 1760 1089 1805 quendi
1130 1760 1324 1794 notissimus
1365 1762 1470 1803 atque
1514 1757 1766 1814 usitatissime,

962 1805 1164 1852 praesertim
1179 1805 1276 1859 apud
1301 1806 1434 1850 posstas.
1454 1823 1496 1829 —
1528 1800 1665 1839 τοῦδ’
1691 1802 1768 1839 αὖ·

960 1865 1047 1887 του
1073 1849 1384 1906 λυκάβαντος,
1406 1850 1551 1908 hocjpso
1569 1861 1670 1906 απζιο.
1692 1852 1765 1884 Αιιι.

962 1899 1007 1939 Q.
1029 1901 1064 1931 et
1084 1899 1184 1932 Solu:
1209 1896 1418 1954 λυκάβας
1441 1895 1584 1940 εἴρηται
1603 1894 1675 1931 ἀπὸ
1694 1898 1766 1930 τοῦ

960 1944 1118 1998 λυγαίοις
1141 1944 1310 1998 βαινειν,
1341 1939 1363 1977 6
1386 1940 1460 1977 ε’στι
1487 1953 1678 1983 σκοτεινως
1699 1955 1767 1977 πο-

961 1988 1154 2033 ρεύεσθαι·
1176 1987 1383 2034 λεληθότως
1396 1986 1464 2032 γοὶρ
1482 1984 1501 2022 ὁ
1519 1986 1652 2031 χρόνος
1669 1987 1765 2031 διέρ-

960 2048 1070 2080 χεται.
1105 2035 1258 2069 similiter
1279 2038 1343 2080 Ap.
1363 2046 1396 2070 v.
1413 2032 1586 2079 λυκάβας,
1605 2045 1667 2087 nec
1684 2045 1766 2079 pro-

961 2082 1160 2116 habiliorem
1183 2082 1388 2115 notationem
1422 2080 1522 2124 hujus
1547 2079 1641 2113 vocis
1663 2090 1764 2134 repe-

961 2127 1025 2162 rio.
1066 2128 1182 2172 inepte
1201 2127 1254 2160 Ε·
1275 2125 1440 2180 λυκάβας
1462 2125 1522 2160 καὶ
1547 2126 1615 2160 νῦν
1639 2125 1697 2180 (ξιιῒ.
1720 2139 1763 2166 τ,

961 2175 1051 2215 306,
1086 2174 1144 2207 ubi
1168 2174 1252 2206 haec
1275 2172 1396 2206 iterum
1423 2171 1612 2227 leguntur.)
1646 2184 1665 2206 ο
1693 2150 1765 2228 ἐνιὲ

962 2218 1095 2261 αυτὸς,
1130 2217 1175 2253 ού
1212 2217 1330 2262 μόνον
1363 2216 1427 2251 διά
1450 2215 1492 2251 τό
1527 2217 1706 2261 λυγαίως,
1741 2230 1761 2251 ο

962 2266 1037 2301 ἐστι
1060 2263 1265 2321 λεληθότως
1287 2278 1318 2299 κ.
1340 2262 1422 2298 οῖον
1444 2264 1649 2304 σκοτεινοῖς,
1658 2275 1764 2321 παρ-

962 2311 1155 2367 ἔρχεσθαι,
1187 2309 1277 2345 ἀλλα
1307 2309 1393 2345 καὶ
1391 2307 1497 2353 διότι
1521 2309 1561 2344 αὶ
1583 2307 1667 2344 κατ’
1692 2322 1763 2344 αυ-

961 2357 1030 2393 τόν
1053 2354 1185 2401 ἡμέραι
1207 2354 1302 2413 καθ’
1331 2352 1532 2400 ὁμοιότητα
1561 2352 1765 2411 διαβάσεως

962 2404 1081 2439 λύκων
1097 2402 1258 2447 αλλήλων
1275 2400 1430 2446 ε’χονται.
1458 2400 1666 2435 πιστεύεται
1683 2400 1765 2446 γὰρ,

963 2450 1066 2495 φασι,
1085 2449 1308 2492 (vetustiores
1323 2446 1560 2493 grammaticos
1577 2446 1671 2484 dicit,
1691 2448 1764 2480 v-cl

965 2502 1003 2531 ut
1028 2495 1139 2529 nescio
1173 2505 1269 2549 quem
1300 2498 1496 2548 nugatorem
1529 2504 1586 2536 ap.
1609 2493 1681 2527 Am.
1706 2493 1765 2533 Q„

965 2546 1000 2577 et
1017 2542 1087 2575 Am.
1105 2541 1145 2574 B.
1169 2542 1212 2574 ad
1229 2539 1270 2581 τ’,
1285 2540 1386 2582 306.)
1408 2536 1496 2578 τούς
1517 2539 1661 2579 λύκους,
1684 2540 1765 2572 δια-

964 2589 1159 2644 βαίνοντας
1183 2587 1314 2641 βίαιον
1326 2583 1516 2629 ποταμὸν,
1542 2582 1766 2624 ἐνδακόντας

963 2633 1033 2678 τήν
1051 2631 1180 2676 κέρκον
1200 2634 1273 2666 τῶν
1294 2629 1351 2666 ἀεὶ
1368 2629 1654 2685 προηγουμένων
1676 2630 1764 2670 τούς

965 2677 1165 2736 ἑπομένους
1197 2676 1371 2722 στιχηδὸν
1405 2674 1666 2720 διανήχεσθαι,
1700 2675 1763 2710 καὶ

964 2738 1061 2761 ουτω
1085 2723 1135 2768 μή
1159 2723 1440 2779 παρασύρεσθαι
1456 2723 1506 2767 τῷ
1523 2722 1678 2767 ποταμῷ
1701 2720 1764 2756 ἅλ-

964 2775 1028 2807 λον
1054 2770 1234 2814 ἀλλαχοῦ,
1260 2767 1308 2810 (ὃς
1331 2769 1392 2804 καὶ
1410 2768 1579 2808 Αἰλιανὸς
1603 2768 1662 2811 (de
1680 2767 1761 2802 Ani-

964 2817 1052 2851 mall.
1076 2818 1118 2857 3,
1142 2817 1195 2859 6.)
1227 2816 1373 2858 ιστορεῖ.
1419 2814 1464 2848 (le
1486 2826 1508 2858 γ
1531 2818 1566 2847 et
1588 2826 1609 2848 κ
1639 2812 1762 2846 litteris

963 2865 1055 2897 inter
1087 2873 1124 2895 se
1154 2861 1368 2895 commutatis
1399 2871 1433 2894 v.
1457 2859 1581 2894 Matth.
1604 2857 1762 2892 additam.

964 2908 1009 2941 ad
1037 2919 1069 2952 p.
1092 2909 1170 2949 29„
1197 2913 1254 2950 et,
1286 2917 1383 2951 quem
1407 2912 1577 2939 auctorem
1599 2903 1763 2945 laudavit,

965 2951 1252 2988 Hemsterhusium
1277 2963 1353 2987 ann.
1387 2952 1430 2986 nd
1454 2950 1638 2986 Lucianum
1665 2954 1692 2984 t.
1719 2951 1748 2984 1.
1743 2972 1764 2989 .‚
