1856 3282
108 154 192 194 198

745 149 1144 192 ΟΜΗΡΟΥ

193 261 248 306 35
276 255 456 301 πάντων
460 256 719 329 ΗΦαιῄκων,
757 255 834 301 ὅθι
862 272 932 300 τοι
957 256 1085 312 γένος
1108 255 1197 299 ἐστὶ
1225 256 1300 300 καὶ
1332 256 1457 326 αὐτῇ.

272 311 371 357 ἀλλ’
400 311 472 369 ἄγ’
475 345 487 367 ,
517 329 760 367 εποτρυνον
789 313 955 366 πατέρα
981 311 1143 356 κλυτὸν
1170 311 1298 383 η’ὠθι
1316 312 1402 367 πρὸ

271 369 486 425 ἡμιόνους
514 371 588 414 καὶ
617 370 788 440 ἄμαξαν
817 369 1076 424 ἐφοπλίσαι,
1108 366 1137 424 ἥ
1165 384 1240 411 κεν
1269 368 1401 439 ἄγῃσι

273 426 441 479 ζῶστρά
468 442 533 482 τε,
563 428 636 470 καὶ
663 425 875 477 πέπλους,
905 425 977 469 καὶ
996 425 1141 494 ῥήγεα
1173 424 1444 494 σιγαλόεντα

270 483 344 526 καὶ
372 482 419 526 δέ
449 494 519 527 σοι
549 477 631 526 ὧδ’
662 481 776 538 αὐτῇ
804 480 920 525 πολύ
950 481 1130 525 κάλλιον
1159 478 1208 536 ἠὲ
1239 480 1445 524 πόδεσσιν

186 541 241 584 40
271 538 489 611 ἔρχεσθαι·
520 537 686 582 πολλόν
712 541 796 594 γὰρ
825 537 911 582 ἀπὸ
939 539 1100 582 πλυνοί
1128 538 1209 580 εἰσι
1237 537 1439 607 πόληος.“

342 595 399 638 ‘H
425 596 503 651 μὲν
534 594 607 666 ἀρ’
639 593 698 646 ὡς
728 593 901 638 εἰποῦσ’
933 593 1093 664 ἀπέβη,
1122 597 1380 665 γλαυκῶπις
1399 591 1570 648 Ἀθήνη,

277 650 574 707 Οὔλυμπόνδ’,
605 650 683 722 όθι
705 651 814 721 φασὶ
843 653 962 695 θεῶν
991 650 1088 701 ἕδος
1119 648 1309 704 ἀσφαλὲς
1338 649 1420 692 αἰεὶ

273 709 480 781 ἔμμεναι,
523 706 617 750 οὔτ’
649 706 850 778 ἀνέμοισι
878 706 1143 758 τινάσσεται,
1175 705 1274 748 οὔτε
1302 704 1400 749 ποτ’
1433 703 1582 761 ὄμβρῳ

271 765 464 815 δεύεται,
495 763 595 807 οὔτε
627 763 736 819 χιών
764 763 1061 814 ἐπιπίλναται,
1091 761 1198 806 ἀλλά
1230 760 1333 817 μάλ’
1365 763 1499 817 α’ίθρη

183 822 238 865 45
266 820 475 892 πέπταται
505 819 740 876 ἀνέφελος,
757 820 902 889 λευκὴ
932 819 976 864 δ’
1005 819 1288 874 ἐπιδέδρομεν
1317 819 1458 874 α’ίγλη,

271 881 332 935 τῷ
363 878 426 920 ἔνι
448 877 678 931 τέρπονται
709 876 900 932 μάκαρες
926 876 1026 920 θεοὶ
1054 876 1198 946 ἤματα
1227 875 1392 918 πάντα·

270 926 367 977 ἔνθ’
396 932 533 990 ἀπέβη
569 937 855 988 Γλαυκῶπις,
885 933 976 978 ἐπεὶ
997 932 1256 989 διεπέφραδε
1284 930 1438 988 κούρη.

317 1047 414 1069 mane
446 1034 622 1071 Nausicaa
652 1035 785 1071 veniam
815 1035 916 1071 eundi
946 1039 982 1070 et
1011 1035 1202 1070 vehiculum
1236 1045 1257 1068 a
1292 1037 1393 1080 patre
1427 1032 1538 1079 petit,
1581 1029 1750 1075 facileque

236 1080 411 1128 impetrat.

341 1146 511 1192 Αὐτίκα
544 1147 588 1192 δ’
614 1147 728 1200 Ἠώς
756 1143 891 1219 ἦλθεν
920 1146 1164 1201 εὒθρονος,
1193 1146 1235 1216 ἦ
1251 1164 1342 1218 μιν
1357 1147 1505 1201 εγειρε,

273 1204 540 1248 Ναυσικάαν
569 1204 803 1249 εὔπεπλον·
835 1204 956 1276 ἀφαρ
990 1204 1032 1247 6’
1062 1201 1342 1257 ἀπεθαύμασ’
1376 1203 1571 1258 ὄνειρον..

185 1263 240 1307 50
269 1264 326 1316 βῆ
357 1260 398 1304 δ’
433 1263 578 1315 ἴμεναι
606 1262 716 1304 κατὰ
746 1259 938 1316 δώμαθ’,
967 1258 1028 1302 ι’ν’
1062 1258 1269 1330 ἀγγείλειε
1298 1263 1490 1310 τοκεῦσι,

267 1317 400 1372 πατρὶ
429 1319 544 1377 φίλῳ
574 1318 648 1362 καὶ
678 1318 826 1374 μητρί·
855 1315 1063 1374 κιχήσατο
1094 1314 1134 1359 δ’
1165 1315 1293 1359 ἔνδον
1322 1314 1485 1366 ἐόντας.

94 1427 251 1487 γένος,
274 1441 386 1487 genus
404 1430 528 1464 nobile.
559 1430 601 1464 Il.
626 1428 667 1473 ζ’,
697 1431 796 1466 209.ε
828 1442 900 1475 μη-

94 1474 136 1511 δὲ
160 1475 265 1521 γένος
287 1475 456 1521 πατέρων
478 1475 696 1534 αἰσχυνέμεν
718 1481 783 1510 etc.
824 1477 900 1511 Eu-

93 1522 160 1567 rip.
178 1523 305 1557 Phoen.
323 1525 424 1560 37.1.
445 1521 530 1558 ου’δ
558 1520 731 1579 ἡῦγένειοὶ
753 1519 792 1557 σ’
797 1519 900 1579 ’,ἦρεν

95 1571 147 1609 εἰς
188 1566 291 1624 ν’ψος
329 1569 440 1613 μέγας
482 1571 566 1605 ΠΟ.
603 1568 729 1605 Κακόν
762 1567 806 1603 τὸ
845 1567 898 1613 μὴ

84 1613 198 1658 “’χειν·
231 1613 274 1649 τό
309 1616 415 1660 γένος
441 1613 517 1669 οὐκ
551 1614 678 1670 ἔβοσκέ
711 1627 767 1658 με.
810 1614 898 1648 idem

94 1661 176 1695 Ione
202 1662 300 1696 229.·
339 1659 378 1696 ἐκ
409 1661 478 1715 γῆς
507 1659 648 1703 πατρός
672 1672 738 1695 σου
763 1659 898 1716 πρόγο-

92 1719 158 1747 νος
183 1706 353 1765 ἔβλαστεν
380 1705 526 1751 πατήρ,·
530 1710 637 1763 KP.
665 1704 899 1763 Ἐριχθόνιός

92 1763 153 1798 γε·
198 1752 240 1788 τό
278 1751 319 1789 δὲ
360 1752 463 1797 γείος
493 1749 540 1797 μ’
574 1766 643 1788 ουκ
674 1751 819 1796 ωφελεῖ.
863 1756 899 1786 et

93 1800 323 1841 Stheneboea,
347 1800 389 1833 fr.
420 1801 474 1834 7.·
505 1799 664 1840 πολλους
687 1800 727 1835 δὲ
752 1796 899 1843 πλούτῳ

92 1845 155 1880 καὶ
187 1845 281 1902 γένει
317 1845 593 1890 γαυρουμένους
615 1853 681 1880 etc.
726 1857 789 1880 nec
814 1832 901 1879 mal‘e.

92 1891 194 1925 seha
218 1889 309 1927 οθι
340 1904 420 1927 τοι
451 1891 599 1937 γένος.
622 1890 731 1936 (ὅθι)
764 1889 809 1926 οὐ
835 1904 901 1926 το-

91 1936 205 1972 πικόν
228 1937 303 1973 ἐστι
326 1939 417 1980 νῦν,
453 1938 544 1973 ἀλλά
569 1937 670 1974 θέλει
693 1938 827 1982 λέγειν,
861 1936 901 1972 ἐν

93 1982 150 2024 οἷς
187 1983 249 2018 καὶ
282 1981 378 2040 αὐτή
406 1964 584 2043 Ξόνομάζῃ
620 1987 699 2025 τοῖς
727 1984 903 2029 ἀρίστοις,

91 2030 280 2066 τουτέστιν
303 2028 362 2066 ότι
387 2029 423 2065 εἷ
443 2029 601 2087 εὐγενής.
645 2031 743 2065 Harl.
767 2042 901 2076 quoque

91 2081 128 2110 et
152 2077 219 2111 H.:
246 2074 358 2119 ὅπου,
380 2075 419 2111 ἐν
442 2081 521 2118 τοῖς
546 2075 714 2120 ἀρίστοις
740 2081 808 2111 etc.

138 2124 238 2159 36-
249 2122 306 2157 40.
361 2121 644 2167 ἐπότρυνον.
686 2121 732 2164 α’,
763 2124 826 2163 89,
860 2121 899 2156 ΙΙ.

93 2165 139 2224 ο’,
175 2168 243 2203 258
267 2175 333 2202 etc.
362 2186 408 2194 —-
450 2168 595 2225 ἠωθι
612 2168 714 2212 πρό.
746 2167 785 2211 ε’,
817 2167 898 2203 469.

92 2211 351 2268 ἡμιόνους.
385 2213 430 2257 δ’,
454 2215 534 2258 636,
599 2218 745 2257 ,.2εῑο
772 2226 897 2250 v..ann

92 2260 138 2294 ad
161 2260 201 2294 ll.
224 2258 268 2302 κ’,
292 2262 372 2296 351
391 2281 432 2286 -
458 2259 658 2304 αμαξαν.
681 2263 737 2303 72,
764 2260 798 2302 ι’,
817 2260 897 2302 241,

89 2304 173 2346 242,
205 2306 246 2340 ΙΙ.
272 2305 320 2350 η’,
352 2307 421 2341 426
445 2313 512 2340 etc.
552 2308 643 2341 idem
675 2313 729 2341 est
761 2305 897 2351 απήνη,

91 2356 132 2386 ut
154 2351 187 2385 E
212 2351 356 2387 notavit.
377 2371 423 2376 —
455 2352 749 2409 ἐφοπλίσαι,
785 2364 897 2397 appa-

91 2409 184 2432 rare.
225 2397 272 2443 β’,
296 2398 364 2434 295
388 2401 455 2432 etc.
481 2419 526 2424 —
566 2398 724 2444 ῥήγεα.
749 2398 792 2444 γ’,
815 2399 896 2439 349,

91 2441 139 2486 δ’,
164 2445 233 2479 297
258 2448 327 2479 etc.
350 2462 396 2469 —-
437 2445 509 2478 Am.
538 2445 600 2479 B.:
633 2445 819 2481 πλυνοί.
860 2423 897 2478 o}

91 2491 211 2531 λίθοι,
236 2488 275 2525 ἐν
298 2488 355 2530 οἷς
375 2487 589 2526 πλυνουσιν.
635 2490 674 2528 ἐκ
692 2490 826 2536 μέρους
857 2487 898 2526 δὲ

90 2534 218 2571 πάντα
241 2534 308 2571 τὸν
330 2534 448 2571 τόπον
478 2538 583 2581 φησί.
625 2538 786 2582 intelligit
809 2535 899 2572 πυέ-

90 2585 196 2624 λους,
230 2582 396 2618 τουτέστι
429 2584 621 2623 λεκανίδας
651 2584 826 2637 (Becken)
859 2582 899 2619 ἐκ

91 2629 232 2670 λίθων,
265 2628 476 2684 ἐπιτηδείας
505 2628 673 2670 πλύνειν,
714 2635 753 2663 ut
785 2630 834 2663 ait
867 2630 898 2663 Ε

92 2685 171 2708 ann.
196 2675 241 2709 ad
265 2675 302 2709 ΙΙ.
360 2676 473 2716 ,.153
517 2676 577 2710 sed
601 2676 691 2709 idem
714 2675 781 2709 isto
805 2675 899 2709 loco.

94 2718 135 2755 ἐν
164 2718 204 2755 δε
235 2723 281 2766 τῇ
318 2687 537 2768 Ὀδυσσεία,
584 2721 719 2775 inquit,
761 2719 900 2777 βόθροι

92 2765 187 2807 τινὲς
220 2766 256 2802 οἱ
290 2767 463 2803 πλυνοὶ
485 2765 783 2824 παραποτάμιοι,
806 2765 901 2811 πρὸς

91 2811 224 2848 πλύσιν
256 2811 428 2857 χρήσιμοι
460 2814 522 2848 καὶ
565 2811 697 2855 αὐτοὶ,
734 2808 785 2846 ὧν
809 2812 901 2855 πρὸς

91 2859 289 2914 διαστολὴν
313 2859 349 2894 οἱ
374 2859 541 2895 ἐνταῦθα
565 2860 755 2895 λα’ίνεοι
779 2857 900 2903 λέγον-

90 2918 173 2948 ται,
205 2902 226 2940 ὅ
250 2904 323 2940 ἐστι
358 2908 509 2942 λίθινοι.
555 2912 589 2940 et
622 2906 693 2940 Ιιίο.
725 2904 899 2941 πλυνοὶ

92 2949 194 2996 παρά
227 2949 295 2994 μὲν
319 2948 442 2992 ἄλλοις
474 2952 614 3008 σκάφαι
649 2949 745 2993 τινὲς
775 2949 898 2996 χρήσι-

91 3009 156 3041 μοι
179 2995 349 3035 πλύνειν
381 2997 487 3043 παρὰ
513 2999 553 3035 δὲ
573 2996 726 3046 Ὁμήρῳ
750 2998 886 3044 βόθροι

944 1427 984 1465 ἐν
1008 1427 1065 1470 οἷς
1091 1428 1261 1465 ἔπλυνον,
1293 1427 1352 1464 διὸ
1376 1425 1520 1470 προϊών
1544 1435 1658 1480 φησιν
1673 1423 1751 1468 (91,

944 1475 1049 1519 92.”)
1102 1473 1355 1519 ἐσφόρεον
1400 1474 1551 1519 μέλαν
1597 1469 1745 1514 ν’δωρ·

944 1522 1169 1577 Στεῖβον
1180 1522 1220 1556 δ’
1251 1520 1301 1556 ἐν
1325 1519 1569 1578 βόθροισι
1591 1518 1743 1557 θοῶς

945 1566 1109 1608 δεικνύς,
1143 1564 1194 1607 ὥς
1225 1568 1363 1603 ταυτόν
1395 1566 1471 1603 ἐστι
1485 1565 1667 1624 βόθρους
1700 1562 1751 1597 εἰ-

944 1616 1029 1649 πεῖν
1060 1613 1122 1648 naz
1164 1612 1343 1654 πλυνοὺς,
1386 1611 1440 1648 ὧν
1473 1610 1496 1658 ἦ
1527 1614 1653 1656 χρῆσις
1685 1608 1750 1644 καὶ

943 1658 1047 1704 παρὰ
1071 1661 1123 1716 τῷ
1147 1661 1317 1705 Κωμικῷ.
1351 1659 1462 1703 (Plut.
1489 1658 1609 1702 1057.)
1643 1655 1751 1699 έπη·

944 1718 1122 1741 ετανου
1138 1718 1157 1745 ς
1197 1707 1231 1749 (,
1235 1707 1374 1751 ‚jnges,
1424 1716 1611 1750 perennes,
1654 1703 1750 1736 nicht

942 1752 1206 1832 versiggendef·
1229 1753 1295 1796 Ν.)
1325 1756 1429 1786 vocat
1451 1753 1508 1787 86.
1532 1751 1577 1786 cf.
1600 1763 1648 1795 η,
1672 1750 1750 1788 128,

944 1811 989 1840 ν,
1013 1799 1034 1832 2
1059 1799 1081 1832 7

990 1866 1091 1902 44-
1104 1864 1160 1902 47.
1207 1865 1259 1900 E:
1290 1849 1429 1910 γίνεται
1450 1864 1494 1900 τὸ
1518 1865 1751 1900 πίλναται

947 1911 1004 1955 (ΙΙ.
1034 1910 1078 1954 τ’,
1110 1913 1178 1953 93,
1212 1910 1268 1955 ψ’,
1298 1913 1397 1957 368.)
1427 1909 1502 1947 ἀπὸ
1539 1925 1607 1947 του
1639 1913 1749 1954 πελαῖ,

946 1957 1243 2016 μεταβληθέντος
1284 1960 1354 1994 τοῦ
1386 1971 1403 1994 ε
1439 1960 1492 1999 εἰς
1523 1970 1558 1999 ι,
1594 1956 1673 2001 ἅμα
1703 1960 1750 2005 τῇ

946 2003 1136 2040 ἐπενθέσει
1155 2005 1222 2038 τοῦ
1240 2017 1273 2045 ν,
1296 2001 1433 2049 ὁμοίως
1451 2006 1504 2050 τῷ
1525 2005 1621 2040 κεδω
1636 1995 1752 2040 κιδνιῆ

945 2063 976 2085 κ.
999 2050 1138 2095 ἑτέροις
1160 2030 1320 2091 πολλόῖς.
1354 2051 1449 2106 (Am‘,
1470 2041 1537 2085 E:
1568 2049 1750 2086 ἐπιπίλ-

946 2110 1093 2131 ναται.
1134 2097 1386 2140 προσπελάζει,
1428 2095 1503 2131 ἀπό
1550 2097 1619 2132 τοῦ
1651 2097 1746 2132 πέλω

944 2145 1036 2199 etc.)⁵
1054 2143 1207 2187 αἴθρη
1241 2143 1281 2178 δε
1305 2144 1363 2186 (ΙΙ.
1381 2141 1424 2186 ρ,
1457 2142 1553 2186 646)
1578 2156 1747 2187 φανερως

944 2186 967 2232 ἡ
993 2188 1121 2224 εὕδία·
1152 2188 1245 2225 ὅθεν
1270 2191 1374 2224 δοκεῖ
1393 2188 1455 2223 καὶ
1479 2189 1653 2233 βορέας
1678 2191 1746 2224 αἰ-

942 2233 1242 2292 θρηγενέτης
1267 2235 1324 2279 (ε’,
1325 2235 1445 2288 296.)
1470 2236 1651 2279 γίνεσθαι.
1701 2235 1744 2271 vd

944 2280 984 2316 δὲ
1037 2281 1278 2316 πέπταται
1312 2278 1395 2316 ἀντὶ
1431 2293 1499 2316 του
1543 2280 1746 2327 ἐξήπλωται

943 2328 1150 2384 (explicata
1158 2329 1239 2371 est).
1262 2347 1306 2352 -
1329 2328 1463 2370 κυρίως
1479 2341 1548 2373 γαρ
1572 2328 1632 2364 ἐπὶ
1655 2342 1747 2372 nn}-

943 2375 1018 2409 νῶν
1045 2374 1098 2417 (¹²)
1130 2372 1153 2418 ἡ
1189 2373 1303 2415 λέξις·
1345 2372 1512 2409 ἐνταῦθα
1547 2373 1587 2409 δε
1621 2371 1746 2415 απλως

942 2419 984 2455 τὸ
1010 2419 1109 2464 χύμα
1132 2421 1198 2476 τῆς
1221 2418 1298 2454 ἅνω
1317 2421 1470 2475 αἰθρίας
1494 2422 1611 2465 δηλοῖ.
1628 2439 1670 2446 -
1701 2420 1744 2456 τό

944 2464 984 2502 δὲ
1011 2465 1326 2510 ἐπιδέδρομεν
1359 2463 1444 2500 ἀντὶ
1467 2469 1535 2502 τοῦ
1559 2465 1744 2511 ἐπιτρέχει,

942 2511 1165 2555 ἐπιπολάζει.
1186 2531 1231 2539 -
1264 2523 1365 2546 sensu
1388 2513 1561 2547 contrario
1586 2514 1674 2548 dixit
1697 2513 1730 2549 ν’
1735 2538 1746 2555 ,

943 2560 1040 2595 356.·
1076 2557 1196 2615 ἠέλιος
1231 2556 1271 2594 δὲ
1318 2556 1495 2614 Οὐρανοῦ
1531 2559 1748 2603 ἐξαπόλωλε,

945 2602 1039 2650 κακὴ
1065 2604 1368 2648 δέπιδέδρομεν
1394 2601 1519 2649 ἀχλύς.
1559 2607 1631 2648 ‚.,cf
1649 2608 1744 2641 Arat.

945 2652 1074 2685 Phaen.
1109 2653 1164 2686 80.
1194 2651 1306 2696 Apoll.
1332 2650 1445 2685 Rhod.
1466 2653 1500 2692 2,
1525 2632 1626 2689 670.
1667 2650 1745 2687 ἐπι-

946 2697 1031 2741 δέδρ
1012 2709 1100 2742 ρομε
1130 2698 1233 2732 νυκτὶ
1260 2695 1431 2741 Φέγγοςμ
1454 2698 1488 2730 Ε
1507 2698 1550 2733 N.
1574 2716 1619 2725 —
1660 2699 1741 2752 Apa

944 2743 1261 2789 διεπέφραδε.
1286 2742 1497 2780 ἐνετείλατο.
1529 2757 1562 2778 ν.
1583 2743 1624 2778 ΙΙ.
1644 2740 1687 2786 σ’,
1709 2746 1743 2780 9.

990 2812 1088 2848 48-
1099 2814 1155 2849 55.
1231 2812 1312 2857 μὶν
1332 2831 1397 2855 -,
1430 2810 1674 2854 Ναυσικάαν,
1706 2816 1745 2846 ut

944 2859 1008 2904 μὶν
1028 2878 1083 2901 -,
1108 2859 1173 2895 σόν
1194 2825 1329 2903 πατέρ’
1364 2856 1412 2900 α’,
1436 2858 1513 2894 194.
1547 2859 1593 2893 cf.
1628 2858 1667 2892 ΙΙ.

944 2904 1089 2948 249,ν,
1115 2908 1194 2948 600,
1219 2906 1288 2942 'lh.
1313 2904 1745 2947 §.284,17.“EN.-

944 2950 1093 3008 ἄφαρ,
1131 2952 1266 2993 statim,
1301 2958 1385 2986 tum.
1424 2948 1472 2992 α’,
1502 2950 1572 2987 410
1603 2955 1670 2987 etc.
1700 2969 1745 2976 ·-

946 2998 1010 3033 IL:
1053 2995 1369 3043 ἀπεθαύμασ’
1419 2993 1627 3043 ὄνειρον.
1680 2995 1745 3032 δια
