1856 3282
0 1551 13 1564 a·
0 1459 15 1528 Qus·
1 1413 16 1435 ει
0 1274 20 1389 &0³31

201 1342 458 1377 transformato.

229 1751 313 1790 613²}
344 1764 406 1803 teo
412 1764 458 1792 δυ
464 1761 612 1800 σαντες
641 1750 886 1795 ἐνιαυσίου·

0 2030 1 2033 ¹
64 2007 169 2052 fligis.
190 2004 232 2049 λ’,
246 2006 314 2044 485
332 2013 400 2044 etc.
421 2028 468 2035 —
491 2009 567 2045 καὶ
591 2008 656 2046 οἷν.
682 2010 868 2055 ἄλλους·

62 2065 96 2087 v.
128 2053 209 2088 404.
240 2073 287 2080 -
333 2054 688 2100 τήν-ἀντίον
722 2057 865 2105 ηὔδα.

59 2111 94 2134 v.
116 2099 196 2134 460.

105 2157 187 2192 436.
232 2155 278 2199 ν’,
300 2158 380 2195 362.

105 2213 226 2250 437-
237 2213 317 2250 439.
366 2213 472 2251 ουδ’
496 2215 713 2261 ἔσσεται,
748 2215 867 2255 ον’δε

61 2258 267 2313 γένηται.
301 2271 485 2321 synonymna
505 2264 625 2306 juncta
646 2263 866 2321 ἑμφατικῶς,

61 2305 130 2339 nisi
154 2305 342 2351 ponendum
367 2307 412 2340 sit
437 2309 581 2350 εἴσεται,
605 2313 731 2354 veniet,
759 2318 797 2345 ut
823 2326 867 2354 ο,

60 2352 140 2386 213.
188 2363 263 2386 nam
297 2352 570 2399 philosophorum
604 2356 738 2400 quidem
763 2369 867 2402 argu-

58 2396 127 2431 tias
162 2398 252 2432 haud
270 2409 394 2443 moror,
419 2401 463 2434 ad
487 2412 569 2457 quas
591 2402 798 2437 descendens
817 2404 867 2438 E:

62 2440 105 2477 τὰ
142 2442 183 2478 δε
213 2425 397 2479 ἔσσεται
430 2459 461 2480 κ.
494 2445 534 2482 τὰ
560 2446 778 2492 γένηται,
812 2450 866 2483 in-

64 2488 154 2545 quit,
189 2491 294 2525 δοκεῖ
324 2493 404 2532 τοῖς
437 2495 686 2537 φιλοσοφοῦσι
726 2497 865 2539 διαφο-

65 2534 137 2577 ριὶν
164 2534 256 2593 ἔχειν
279 2534 384 2570 τινά·
409 2537 600 2574 ἔσεσθαι
622 2539 688 2584 μὲν
705 2540 784 2600 γὰρ
806 2541 865 2577 ἐπὶ

62 2581 137 2615 τῶν
162 2580 198 2625 ἐξ
223 2580 385 2639 οἷνάγκης
418 2585 552 2628 φασὶν,
587 2585 645 2621 ἐπὶ
669 2587 744 2622 τῶν
768 2587 865 2623 ἐνδε-

64 2627 226 2670 χομένων
249 2626 290 2663 δε
323 2629 374 2671 (1ι.
401 2641 428 2664 e
454 2631 488 2664 in
514 2633 638 2676 rebus,
672 2645 759 2678 quae
789 2635 865 2668 fieri

63 2673 162 2707 modo
184 2676 342 2730 possunt)
365 2675 406 2711 τὸ
414 2677 744 2734 γενήσεσθαι,
772 2679 865 2721 οἷον,

63 2717 183 2754 ἔσεται
204 2718 295 2763 μετὰ
316 2723 476 2764 χειμῶνα
482 2722 559 2776 ἔαρ
578 2721 795 2769 ἀναγκαίως,
820 2726 862 2761 τὸ

63 2762 104 2799 δὲ
105 2765 265 2845 δβρέφος
296 2766 382 2802 τόδε
388 2765 593 2823 γενήσεται
617 2772 864 2828 γραμματικὸν

61 2809 326 2867 ἐνδεχομένως·
350 2811 397 2848 ον’
418 2815 487 2859 γὰρ
511 2815 547 2858 ἐξ
571 2814 729 2862 ἀνάγκης
751 2818 862 2854 τοῦτό

59 2869 161 2938 {1⁸⁹oe
135 2877 181 2883 —
213 2855 786 2908 ὅςκεν-δερκομένοιο.
816 2866 862 2899 cf.

163 2904 264 2946 88,
288 2907 344 2940 89.

101 2970 183 3009 440.
230 2973 269 3008 n.
293 2971 339 3015 α’,
361 2975 441 3011 212.
477 2975 522 3010 cf.
546 2974 591 3021 β’,
616 2978 682 3012 187
705 2982 769 3012 etc.

541 142 1124 184 ΟΔΤΣΣΕΙΑΣ
1179 143 1235 183 Π.

1618 142 1702 182 269

230 251 338 296 α’λλά
365 263 412 297 σε
439 251 694 296 παύσασθαι
723 251 901 307 κέλομαι
928 251 1002 296 καὶ
1030 249 1249 308 ἀνωγέμεν
1276 251 1483 304 ἅλλους-*ι

430 354 512 389 ficte
537 367 576 389 ac
599 355 756 389 shnulate
779 354 829 389 illi
851 355 1037 400 respondet
1058 353 1304 398 Eury.macbus

316 421 406 476 Τὴν
435 421 476 465 δ’
509 420 608 465 αὖτ’
637 422 924 477 Εὐρύμαχος,
958 419 1165 475 Πολύβου
1194 422 1320 474 πάϊς,
1349 421 1498 464 ἀντίον
1525 420 1661 477 ηὔδα·

123 480 204 522 435
234 478 410 546 ,,κούρη
435 476 662 530 Ἰκαρίοιο,
691 481 908 533 περίφρον
938 476 1219 532 Πηνελόπεια,

234 533 412 586 θάρσει·
449 533 528 591 μή
540 551 607 577 τοι
636 539 773 577 ταῦτα
801 534 905 589 μετά
933 534 1062 604 φρεσὶ
1091 537 1196 600 σῇσι
1217 531 1444 584 μελόντων.

235 589 319 632 οὐκ
348 589 445 632 ἔσθ’
475 592 603 640 οὑτος
633 590 768 658 ἀνήρ,
800 590 899 634 ουδ’
929 591 1114 638 ἔσσεται,
1146 587 1246 631 οὐδὲ
1273 589 1458 645 γένηται,

235 644 284 695 ός
313 662 387 688 κεν
421 648 650 718 Τηλεμάχῳ
682 660 742 703 σῳ
773 648 861 690 υἱέϊ
887 651 1031 702 χεῖρας
1061 645 1235 692 ἐποίσει,

234 701 418 757 ζώοντός
447 702 490 757 γ’
520 702 675 755 ἐμέθεν
703 704 776 746 καὶ
804 703 874 747 ἐπὶ
902 703 1030 758 χθονὶ
1059 699 1351 755 δερκομένοιο

122 758 205 802 440
235 758 316 800 ωδε
347 758 433 813 γὰρ
460 758 632 812 ἐξερέω,
665 761 737 802 καὶ
768 760 855 831 μὴν
883 757 1178 812 τετελεσμένον
1209 756 1346 799 ἔσται·

235 811 345 864 αἶψά
376 817 418 857 οἱ
447 813 552 867 αἷμα
580 816 785 858 κελαινὸν
814 814 994 868 ἐρωήσει
1024 814 1123 867 περὶ
1151 813 1281 869 δουρὶ

232 868 448 939 ἡμετέρῳ,
480 871 597 939 ἐπειὴ
625 873 698 914 καὶ
716 870 799 943 ἐμὲ
828 873 1124 923 πτολίπορθος
1148 859 1386 919 Ὀδυσσεύς

234 916 420 969 πολλάκι
447 926 661 998 γούνασιν
690 923 807 970 οἷσιν
835 926 1128 987 ἐφεσσάμενος
1154 924 1281 979 κρέας
1311 922 1447 968 όπτόν

233 981 280 1024 ἐν
306 984 520 1039 χείρεσσιν
550 983 726 1038 ε’θηκεν,
756 983 906 1052 ἐπέσχε
935 998 978 1026 τε
1010 987 1134 1024 οἰνον
1163 980 1372 1049 ἐρυθρόν.

122 1039 205 1083 445
233 1041 294 1093 τῷ
323 1054 398 1092 μοι
432 1037 678 1108 Τηλέμαχος
706 1038 883 1082 πάντων
912 1039 1025 1082 πολι)
1057 1036 1262 1093 φίλτατός
1292 1038 1407 1080 ἐστιν

233 1082 428 1163 ᾇνδρῶν,
461 1093 566 1137 οὐδέ
595 1097 635 1137 τί
664 1112 740 1150 μιν
768 1096 965 1139 θάνατον
994 1096 1261 1167 τρομέεσθαι
1283 1093 1432 1147 ἄνωγα

233 1150 282 1192 εἰι
305 1165 355 1204 γε
380 1149 661 1206 μνηστήρων·
691 1152 853 1194 θεόθεν
883 1151 923 1192 δ’
954 1151 1037 1192 οὐκ
1067 1150 1154 1193 ἔστ’
1186 1149 1411 1192 ἀλέασθαι.
1426 1153 1452 1173 “

280 1252 430 1286 cubitum
464 1253 492 1287 it
525 1253 718 1298 Penelope,
756 1252 925 1286 Eumaeus
959 1255 1091 1293 autem,
1128 1252 1265 1295 vesperi
1299 1263 1458 1286 reversus
1490 1250 1532 1285 ad
1566 1249 1714 1291 stabula,

198 1295 346 1330 reditum
379 1299 477 1331 navis
509 1310 690 1343 procorum
722 1304 841 1332 narrat
866 1298 1072 1332 Telemacho
1098 1303 1133 1333 et
1158 1298 1296 1344 Ulysffl,
1331 1298 1441 1332 denuo
1465 1298 1501 1331 in
1524 1296 1714 1332 mendicum

296 1408 383 1461 ⁰529
413 1409 526 1464 φάτο
559 1411 818 1481 θαρσύνων,
848 1415 909 1468 τῷ
939 1410 981 1455 δ’
1011 1411 1169 1468 ήρτυεν
1199 1410 1329 1464 αὐτὸς
1359 1411 1557 1466 ὄλεθρον.

231 1464 259 1520 ἡ
289 1483 368 1522 μεν
398 1465 472 1520 ἄρ’
503 1468 753 1541 εἰσαναβᾶσ’
785 1467 982 1522 ὑπερώϊα
1011 1470 1267 1536 σιγαλόεντα

117 1523 201 1567 450
229 1526 380 1566 κλαῖεν
408 1521 540 1567 ἔπειτ’
567 1523 730 1568 Ὀδυσ
705 1543 778 1582 ηα,
811 1527 942 1579 φίλον
971 1524 1125 1578 πόσιν,
1155 1526 1274 1580 ὄφρα
1304 1526 1347 1568 οῖ
1373 1525 1518 1569 ὕπνον

236 1577 352 1632 ἡδύν
381 1579 451 1622 ἐπὶ
484 1543 745 1651 βλεφάροισι
775 1582 879 1637 βάλε
904 1586 1154 1636 γλαυκῶπις
1178 1582 1363 1651 Ἀθήνη·

234 1634 431 1704 εσπέριος
461 1636 503 1679 δ’
532 1635 689 1707 Ὀδυσῆ
695 1647 711 1681 ἰ’
738 1640 811 1680 καὶ
840 1639 929 1682 υἱέϊ
957 1641 1050 1690 δῖος
1081 1638 1283 1695 ὑφορβὸς

232 1689 503 1745 ἤλυθεν.οί
532 1693 574 1736 δ’
603 1693 690 1747 ἄρα
717 1695 882 1749 δόρπον
912 1696 1144 1739 ἐπισταδὸν
1175 1697 1426 1749 ωπλίζοντο,

919 1752 1055 1804 αὐτὰρ
1086 1751 1261 1809 Ἀθήνη,

120 1806 202 1849 455
235 1821 331 1859 αγχι
359 1805 676 1862 παρισταμένη,
707 1807 982 1876 Λαερτιάδην
1012 1809 1201 1865 Ὀδυσῆα

233 1860 385 1918 ῥάβδῳ
413 1867 655 1919 πεπληγυῖα
684 1863 817 1908 πάλιν
841 1868 994 1922 ποίησε
1022 1866 1222 1923 γέροντα,

958 2010 1037 2047 441.
1085 2011 1305 2055 Ιι.α’,303

958 2058 1080 2093 442—
1091 2058 1168 2095 459.
1216 2060 1553 2104 πτολίπορθος
1583 2063 1716 2106 (malim

912 2105 1194 2161 πτολιπόρθος).
1229 2105 1280 2148 θ’,
1305 2109 1337 2148 3,
1362 2108 1400 2140 ΙΙ.
1427 2107 1473 2153 β’,
1496 2111 1563 2144 728
1588 2116 1652 2144 etc.
1673 2130 1718 2136 —

912 2148 1103 2238 Ξ-ἶῖῗχέκ’
1128 2154 1271 2242 §zzz-⁶3¹
1267 2132 1525 2254 4424022252312494
1542 2155 1716 2238 ἀ-ῗέἓῖ

915 2245 1052 2286 σθαι,
1083 2246 1246 2289 effugere.
1282 2243 1318 2286 ι’,
1341 2245 1406 2280 411
1431 2252 1497 2281 etc.
1522 2267 1567 2273 —
1603 2251 1716 2330 &afi-

914 2288 1089 2331 σύνων,
1127 2292 1277 2324 animum
1307 2292 1445 2326 addens.
1480 2292 1530 2335 ω’,
1556 2293 1643 2339 448,

914 2335 963 2375 σ’,
985 2337 1051 2371 325
1073 2342 1137 2370 etc.
1162 2357 1207 2361 —
1250 2335 1442 2393 ἤρτυεν,
1475 2343 1641 2377 struebat.
1673 2297 1715 2397 γ4,

914 2381 980 2415 152
1005 2389 1071 2415 etc.
1097 2402 1141 2407 —-
1183 2381 1312 2427 ἠμὲν
1335 2404 1381 2409 —-
1398 2383 1578 2431 Ἀθήνη.
1610 2399 1644 2421 v.
1670 2387 1716 2430 α’,

912 2428 1134 2463 362-364.
1193 2431 1265 2463 Am.
1303 2429 1373 2470 Q.:
1417 2431 1716 2476 σιγαλόεντα.

911 2476 1084 2514 ποικίλως
1112 2476 1434 2519 κατεσκευασμένα.
1519 2482 1641 2521 ,,205
1676 2480 1717 2525 ζ’,

911 2520 956 2553 26
976 2528 1042 2553 etc.
1070 2540 1107 2545 —
1145 2520 1373 2565 ἑσπέριος.
1407 2522 1453 2567 β’,
1476 2526 1555 2560 357.
1577 2544 1621 2550 —
1653 2525 1718 2563 ’0-

913 2566 1070 2608 δυσῆϊ,
1096 2566 1189 2610 πρὸς
1206 2566 1398 2604 Ὀδυσσέα.
1421 2568 1473 2611 θ’,
1493 2572 1546 2612 19,
1572 2569 1616 2612 ο’,
1636 2574 1716 2610 387.

914 2629 955 2634 —
982 2612 1031 2645 E:
1068 2624 1152 2647 συν
1175 2633 1219 2639 —
1244 2613 1506 2650 ἐνιαυσιον.
1551 2630 1610 2653 οτι
1636 2617 1718 2654 Εὕ-

912 2669 1022 2700 μαιος
1043 2657 1109 2701 μὲν
1135 2658 1288 2703 φθάσας
1313 2660 1373 2705 (ξ’,
1399 2662 1485 2706 419)
1510 2665 1717 2702 πενταέ-

912 2716 1057 2745 τηρον
1082 2707 1168 2741 σῦν
1193 2706 1339 2763 ἱέρευσε,
1364 2710 1614 2766 πανηγυρίσας
1636 2709 1717 2748 οἷον

910 2748 969 2784 ἐπὶ
994 2748 1150 2799 ἐνδημίᾳ
1180 2751 1286 2794 ξένου
1312 2750 1480 2797 ἀγαθον,
1514 2753 1591 2791 Ὀδ.
1619 2757 1659 2793 δὲ
1682 2772 1716 2794 κ.

916 2797 1003 2838 Τηλ.
1037 2790 1306 2839 ἐνιάύσιον,
1349 2800 1618 2856 φειδωλότερον
1649 2817 1717 2846 μεν

909 2842 1151 2885 διατεθέντες,
1172 2843 1409 2890 τρυφώτερον
1428 2845 1478 2882 δέ.
1492 2867 1535 2874 —
1559 2851 1633 2884 Am.
1648 2851 1714 2892 Q„

907 2886 1180 2925 ἐπισταδόν.
1220 2891 1476 2934 ἐπισταμένως.
1535 2895 1601 2929 imo
1631 2895 1678 2940 ἐφ
1682 2910 1715 2933 ε-

907 2934 1059 2976 σταῖτες,
1094 2942 1131 2971 ut
1162 2938 1244 2972 Sch.
1255 2938 1427 2994 explicat
1458 2937 1516 2983 μ’,
1539 2942 1619 2977 392.
1667 2945 1712 2978 cf.

906 2981 1011 3017 Schn.
1036 2960 1070 3015 h'.
1094 2995 1129 3017 v.
1153 3001 1198 3008 —
1235 2979 1526 3029 ωπλίζοντο,
1559 2999 1709 3033 appan-1
