1856 3282
130 149 212 188 140

770 150 1176 191 ΟΜΗΡΟΥ

299 254 441 299 αὐτίκ’
473 256 615 301 ε’πειτα
645 258 847 311 τρίαιναν
878 258 990 302 ἑλών
1018 259 1137 330 χερσὶ
1168 263 1425 316 στιβαρῇσιν

296 311 438 366 ἤλασε
461 317 655 368 Γυραίην
673 314 866 383 πέτρην,
897 314 984 357 άπὸ
1018 315 1060 358 6'
1089 316 1254 370 ἔσχισεν
1288 318 1449 372 αυτήν·

295 369 369 430 καὶ
397 369 447 412 τὸ
466 370 544 426 μὲν
574 369 734 413 αὐτόθι
758 370 980 438 μεῖνε,τό
1013 372 1060 414 δὲ
1089 373 1257 426 τρύφος
1283 373 1435 427 ἔμπεσε
1465 371 1622 429 πόντῳ,

293 425 355 480 τῷ
385 424 427 480 ῥ’
463 428 571 476 Αἴας
598 427 648 469 τὸ
679 431 854 480 πρῶτον
885 427 1141 482 ἐφεζόμενος
1171 428 1265 484 μέγ’
1297 428 1463 484 άάσθη·

183 482 266 525 510
294 482 371 524 τὸν
401 481 446 524 δ’
475 483 648 552 ἐφόρει
658 483 768 525 κατὰ
796 481 960 526 πόντον
991 484 1224 537 άπείρονα,
1255 488 1540 539 κυμαίνοντα.

293 536 352 588 ὥς
383 537 406 580 6
438 539 516 591 μὲν
547 537 648 581 ἐνθ’
682 537 927 590 ἀπόλωλεν,
957 540 1050 582 ἐπεὶ
1079 543 1176 583 πίεν
1208 538 1405 607 ἁλμυρὸν
1434 540 1576 595 ὕδωρ·

293 594 372 644 σὸς
402 597 447 637 δέ
476 611 565 638 που
596 596 758 650 ἔκφυγε
787 598 927 651 κῆρας
956 595 1166 666 ἀδελφεὸς
1194 595 1268 667 ἡδ’
1299 596 1521 649 υπάλυξεν

293 649 340 692 ἐν
369 652 498 721 νηυσὶ
528 656 782 722 γλαφυρῃσι
814 652 969 698 (σάωσε
999 653 1045 696 δε
1075 652 1231 696 πότνια
1250 653 1407 708 'Hom‘

290 705 390 749 ἀλλ’
423 706 493 750 ὅτε
524 710 576 762 δὴ
605 706 703 762 τάχ’
732 707 875 762 ε’μελλε
906 710 1147 753 Μαλειάων
1176 709 1282 761 ὅρος
1312 709 1418 753 αἰπὺ

179 765 260 807 515
290 764 484 815 ἵξεσθαι,
516 765 611 806 τότε
643 763 696 818 δή
727 781 803 819 μιν
833 763 1122 818 ἀναρπάξασα
1149 766 1315 809 θύελλα

289 820 453 862 πόντον
483 819 557 862 ἐπ’
589 819 820 874 ἰχθυόεντα
849 820 1011 876 φέρεν,
1041 823 1203 878 μεγάλα
1234 820 1507 877 στενάχοντα.

290 874 387 918 ἀλλ’
421 876 492 919 ὅτε
523 877 575 931 δὴ
605 877 677 918 καὶ
710 883 857 920 κεῖθεν
886 877 1089 932 ἐφαίνετο
1117 879 1273 930 νόστος
1303 878 1501 934 α’πήμων,

293 931 354 982 ἄψ
386 933 432 975 δὲ
461 934 558 975 θεοὶ
589 934 729 986 οὖρον
760 935 971 986 στρέψαν,
1007 938 1080 978 καὶ
1111 936 1258 979 οίκαδ’
1291 937 1455 987 ἵκοντο,

291 987 434 1042 άγροῦ
463 987 531 1031 ἐπ’
542 988 788 1060 ἐσχατίην,
820 989 897 1033 ὅθι
927 990 1105 1046 δώματα
1134 998 1228 1035 ναῖε
1261 993 1451 1047 Θυέστης

179 1048 262 1089 520
292 1044 341 1086 τὸ
371 1045 496 1099 πρὶν,
528 1044 638 1098 άταρ
669 1043 758 1088 τότ’
791 1046 905 1089 ἔναιε
938 1049 1205 1104 Θυεστιάδης
1234 1050 1458 1102 Αίγισθος,

290 1118 389 1156 ητοι
418 1101 441 1144 6
471 1101 550 1156 μὲν
579 1103 741 1156 χαίρων
766 1102 996 1172 ἐπεβήσετο
1026 1108 1234 1161 πατρίδος
1265 1107 1376 1174 αἴης,

289 1158 365 1200 καὶ
390 1157 514 1201 κύνει
543 1157 786 1215 ἁπτόμενος
823 1159 878 1216 ἣν
906 1164 1113 1217 πατρίδα·
1143 1162 1282 1206 πολλοὶ
1314 1159 1363 1205 6'
1395 1159 1474 1204 ἄπ’
1507 1157 1644 1202 αὐτοῦ

117 1302 361 1359 μονήσαντος.
377 1323 419 1328 -—
435 1301 485 1344 ὥς
507 1317 540 1338 κ.
565 1302 604 1338 ἐν
629 1303 752 1344 ἄλλοις
774 1303 840 1349 (β’,
854 1305 931 1348 85.)

118 1347 377 1395 υψαγόρην
406 1353 511 1384 καλεῖ
526 1349 593 1384 τὸν
625 1351 849 1394 Τηλέμαχον.
874 1351 930 1384 Ex

119 1398 195 1430 Am.
221 1398 265 1437 Q.
292 1416 337 1421 -—
362 1399 605 1439 τρίαιναν.
630 1397 764 1441 insigne
791 1398 929 1441 Neptu-

119 1442 164 1477 ni.
199 1441 243 1484 ε’,
268 1443 346 1483 292,
383 1444 422 1476 ll.
457 1443 517 1486 μ’,
550 1445 622 1485 27.,
657 1444 828 1486 Biittiger.
854 1445 928 1475 An-

117 1489 212 1522 deut.
247 1500 312 1522 zur
343 1489 601 1532 Kunstmythol.
633 1490 692 1523 des
723 1491 865 1532 Neptun
888 1500 924 1533 p.

118 1535 195 1570 158.
222 1553 263 1558 »-
302 1533 350 1568 τὸ
385 1547 491 1577 μεν,
528 1537 641 1569 altera
674 1547 758 1578 pars
792 1543 922 1579 petrae.

116 1581 256 1614 -Am.
284 1581 345 1614 Ε
376 1580 578 1625 τρύφος.
623 1578 837 1631 απόκομμα.
870 1583 924 1623 γί-

115 1638 219 1660 νεται
252 1624 292 1660 δε
336 1624 375 1661 ἐκ
410 1629 477 1662 τοῦ
511 1625 690 1684 θρύπτφ,
722 1640 744 1670 η
779 1626 818 1661 ἐκ
852 1639 921 1660 του

115 1672 280 1716 ε’τρυφον
336 1673 508 1717 δευτέρου
569 1669 767 1730 ἀορίστου.
791 1692 836 1696 —
870 1672 920 1707 τό

112 1721 326 1762 πρῶτον,
353 1718 639 1754 autem—⁶1:6⁷2
675 1715 713 1753 6'
751 1715 922 1763 ἐφόρει

113 1764 237 1800 κατά
269 1764 476 1807 πόντον,
509 1777 591 1798 nam
624 1766 660 1798 in
683 1776 779 1798 mare
804 1765 923 1798 abstu-

114 1813 155 1845 'lz't
187 1813 284 1845 illum
327 1824 406 1856 pars
448 1812 599 1845 abscissa
642 1810 787 1855 scopuli.
836 1820 926 1843 mors

113 1859 200 1891 haec
226 1857 342 1901 Ajacis
367 1859 467 1891 Locri
491 1857 604 1890 multis
621 1857 795 1890 materiem
819 1867 926 1900 prae-

116 1903 191 1936 buit
223 1903 439 1944 artificibus,
473 1903 509 1936 in
543 1903 665 1947 quibus
705 1903 925 1945 Polygnoto:

114 1961 148 1983 V.
175 1951 276 1982 Paus.
305 1953 357 1990 10,
383 1952 439 1991 26,
468 1952 497 1983 1.
535 1954 714 1993 praeterea
748 1948 779 1980 N
808 1947 924 1980 evolvi

116 1997 180 2028 hac
205 1996 248 2028 de
274 2007 311 2028 re
332 1996 434 2039 jussit
458 1995 659 2028 Philostrati
683 1994 787 2036 Imag.
808 1996 843 2034 2,
869 1994 924 2027 13.

114 2053 187 2074 cnm
221 2053 297 2075 anu.
333 2042 507 2075 Welckeri
543 2047 578 2074 et
612 2039 784 2083 Bbttigeri
821 2040 924 2072 ldeen

114 2099 177 2119 zur
208 2088 366 2120 Archeiol.
406 2089 468 2120 der
514 2087 660 2119 Malerei
702 2098 735 2130 p.
771 2086 851 2120 296.
889 2088 925 2118 et

113 2144 210 2176 seqq.
237 2134 280 2166 cf.
299 2135 411 2177 Heyn
431 2134 472 2166 ad
497 2133 595 2176 Virg.
612 2135 694 2166 Aen.
718 2134 749 2172 1,
773 2130 923 2166 39-45.

159 2181 237 2213 511.
286 2181 385 2212 abest
409 2181 465 2212 hic
489 2190 611 2212 versus
637 2179 680 2210 ab
703 2179 741 2212 A.
765 2178 812 2219 5.,
840 2177 923 2209 abe-

114 2230 235 2268 ratque
261 2225 337 2258 olim
369 2237 389 2259 a
424 2225 521 2258 libris
552 2223 730 2263 omnibus,
763 2227 801 2256 ut
825 2234 923 2266 quem

113 2272 308 2304 damnasset
331 2271 560 2304 Alwistanhus.
585 2271 632 2303 E:
657 2267 746 2309 εἶτα,
765 2272 924 2323 συμπλη·

112 2318 188 2359 ρῶν
213 2315 255 2351 ro*
282 2316 454 2361 διήγημα,
482 2318 613 2361 φησίν·
640 2313 699 2356 ὣς
718 2334 763 2339 —-
781 2311 923 2357 ν’δωρ.

111 2364 248 2398 τοῦτον
272 2363 312 2397 δὲ
336 2363 403 2398 τὸν
429 2366 552 2407 στίχον
577 2363 691 2405 φασὶν
712 2361 747 2395 οἱ
771 2360 924 2395 παλαιοὶ

111 2409 151 2444 ἐν
190 2408 346 2454 ovam&
380 2408 522 2444 ἐκὸόσει
555 2408 737 2451 φέρεσθαι
778 2404 842 2442 διὰ
879 2404 922 2441 τὸ

111 2458 196 2489 λίαν
229 2453 368 2495 εὐτελές
403 2457 575 2500 (propter
601 2455 836 2496 futilitatem).
862 2452 921 2488 διὸ

110 2502 370 2544 θαυμαζουσι,
402 2503 479 2542 πῶς
511 2501 667 2541 ελαθεν,
697 2497 924 2556 Ἀρίσταρχον

111 2545 275 2594 ὁβελίσαι
312 2545 440 2584 αὐτόν.
494 2547 565 2590 ἔχει
605 2543 645 2581 δ’
681 2544 863 2580 εὐτέλειαν
898 2542 918 2580 ὁ

111 2597 232 2639 στίχος
269 2594 313 2629 οὗ
350 2595 414 2629 δια
449 2592 516 2637 τήν
543 2590 704 2646 φράσιν,
740 2591 831 2626 ἀλλὰ
856 2588 921 2626 ὸια

111 2642 175 2675 τὸν
208 2643 321 2675 νοῦν·
359 2637 405 2675 οὕ
443 2641 575 2684 χρῆναι
602 2635 689 2692 γάρ
700 2640 804 2672 δοκεῖ
826 2636 920 2673 άπα-

110 2689 192 2726 θῶς
217 2685 316 2722 ου’τω
339 2684 406 2721 τόν
435 2685 587 2744 Πρωτέα
613 2681 754 2736 φράσαι
779 2698 810 2717 κ.
838 2683 919 2718 οἷον

112 2731 162 2773 ὠς
200 2732 239 2767 ἐν
273 2731 468 2791 άστεὶσμῷ.
505 2731 656 2771 ἀστείως
678 2743 746 2774 γαρ
771 2729 920 2770 πάντως

112 2795 144 2815 κ.
171 2778 215 2814 οὐ
240 2780 335 2814 nato}
367 2779 409 2814 τὸ
447 2781 653 2814 σπουδαῖον
687 2775 823 2820 ἑῤῥέθη
849 2776 918 2818 εξω

112 2827 247 2867 καιροῦ
289 2826 330 2860 τό
374 2826 483 2860 ἐπεὶ
537 2826 650 2859 πίεν
703 2822 922 2866 ἁλμυρόν

113 2870 252 2915 ὕδωρ.
277 2892 319 2897 --
357 2873 487 2905 ludicre
523 2873 588 2905 hoc
628 2869 752 2903 dictum
786 2871 921 2902 videtur

115 2918 251 2957 homini,
277 2929 350 2951 cum
368 2925 411 2951 et
430 2918 488 2951 alii
510 2918 701 2971 scriptores
725 2926 815 2959 aqua
840 2916 924 2948 liau-

115 2969 187 2998 stos
220 2965 311 2997 serio
346 2964 498 2997 dixerint
533 2966 633 2997 πιεῖν
659 2959 784 3005 ὕδωρ,
818 2968 856 2994 ut
890 2961 922 2994 N

117 3009 269 3050 notavit,
303 3009 443 3043 laudato
478 3010 638 3043 Jacobsio
666 3019 742 3042 auu.
773 3008 816 3042 ad
841 3007 923 3040 Tat.

977 1306 1034 1348 62,
1057 1307 1092 1341 3.
1121 1306 1276 1341 similiter
1297 1318 1444 1364 ”quoque
1479 1307 1577 1339 Hom.
1610 1301 1652 1346 ξ’,
1681 1304 1776 1337 137.-

977 1349 1027 1391 ὡς
1062 1350 1080 1386 6
1114 1365 1181 1396 μεν
1217 1351 1306 1387 ε”νθ
1336 1352 1520 1392 ἀπόλωλε,
1552 1356 1587 1383 et
1611 1349 1657 1390 α’,
1682 1350 1777 1383 166.;

973 1400 1044 1432 νῦν
1070 1397 1114 1433 6'
1139 1397 1158 1433 6
1192 1412 1258 1442 μεν
1292 1396 1342 1438 (ὃς
1376 1396 1540 1433 ἀπόλωλε
1571 1396 1685 1431 κακὸν
1709 1394 1777 1437 μό-

973 1458 1051 1487 ρον.
1087 1457 1118 1480 v.
1144 1451 1179 1479 et
1209 1444 1252 1487 τ’,
1277 1447 1332 1479 85.
1372 1457 1481 1489 quare
1514 1444 1633 1477 nollem
1658 1440 1777 1473 Wolfii

971 1490 1195 1534 sagacitatem
1219 1496 1348 1525 tantum
1372 1491 1533 1524 tribuisse
1565 1487 1777 1525 Aristmcho,

970 1543 1008 1571 ut
1043 1538 1128 1569 haec
1158 1537 1253 1570 uiuis
1294 1537 1505 1578 includeret,
1543 1545 1630 1579 quos
1663 1532 1775 1566 delevi
1834 1555 1835 1560 ,

969 1584 1122 1626 exemplo
1157 1582 1391 1616 Boissonadei
1444 1581 1629 1626 opponitur
1664 1583 1777 1612 autem

969 1629 1057 1671 Ajax
1090 1639 1217 1662 mersus
1249 1629 1510 1671 Agamemnoni,
1545 1627 1601 1670 qui
1626 1637 1668 1658 ex
1693 1623 1775 1657 mari
1832 1647 1833 1650 ¹

967 1679 1124 1708 servatus
1149 1674 1235 1707 domi
1262 1673 1385 1719 periit;
1409 1685 1497 1717 quae
1521 1670 1692 1716 oppositio
1709 1668 1753 1713 μὲ
1756 1682 1779 1704 ν
1831 1704 1833 1710 ,

969 1725 1003 1753 et
1028 1719 1067 1753 δὲ
1094 1720 1272 1764 particulis
1298 1720 1341 1753 de
1366 1731 1457 1752 more
1481 1719 1660 1752 indicatur.

1014 1766 1209 1800 514—523.
1258 1765 1518 1800 ῙῑΙαλειάων
1544 1762 1666 1805 ὅρος.
1690 1766 1776 1795 tem-

971 1817 1106 1856 pestate
1139 1811 1195 1854 (ε’,
1219 1812 1317 1855 109.)
1342 1811 1483 1855 primum
1516 1811 1559 1843 ad
1585 1809 1669 1842 illud
1694 1820 1777 1853 pro—

971 1857 1172 1891 montorium
1197 1863 1315 1897 actus,
1354 1857 1477 1890 deinde
1502 1856 1534 1890 in
1559 1855 1662 1888 altum
1686 1855 1778 1898 reje—

972 1910 1067 1944 ctus,
1093 1915 1166 1936 mox
1191 1910 1302 1936 tamen
1328 1910 1425 1937 recta
1448 1904 1490 1937 inl
1511 1902 1618 1938 sinum
1643 1903 1732 1944 Arga
1726 1901 1778 1932 11-

970 1961 1043 1983 cum
1069 1951 1227 1993 pervenit
1251 1955 1286 1983 et
1306 1949 1404 1982 littus
1429 1944 1576 2001 panium
1602 1947 1777 1990 ingressus

971 2000 1043 2035 est,
1069 2007 1134 2039 quo
1162 1996 1236 2028 loco
1268 1995 1406 2028 fundum
1433 1994 1551 2027 habuit
1575 1993 1774 2036 Aegisthus.

970 2042 1149 2085 praeclara
1173 2042 1360 2080 sententia,
1394 2052 1492 2085 quam
1526 2041 1611 2072 haec
1635 2039 1773 2079 liabent,

972 2094 1148 2132 postquam
1189 2088 1294 2121 verba
1341 2085 1459 2130 ἀγροῦ
1492 2105 1535 2110 —
1577 2085 1771 2128 Αἴγισθος,

971 2144 1059 2186 quae
1085 2139 1162 2177 post
1187 2135 1264 2169 517.
1292 2133 1450 2176 leguntur
1474 2132 1508 2164 in
1534 2132 1646 2169 codd,
1672 2142 1773 2174 repo-

970 2180 1021 2212 sui
1048 2180 1120 2212 loco
1145 2191 1228 2219 suo,
1261 2191 1302 2211 ex
1338 2191 1404 2222 quo
1430 2177 1544 2211 nescio
1576 2188 1642 2220 qua
1667 2176 1773 2209 libra-

969 2225 1097 2258 riorum
1133 2225 1290 2258 socordia
1322 2226 1503 2257 exturbata
1536 2229 1625 2256 sunt.
1650 2240 1696 2246 —--
1728 2223 1771 2255 de

970 2272 1091 2303 Malea
1123 2283 1156 2304 v.
1194 2270 1245 2314 γ’,
1278 2271 1356 2304 287.
1390 2287 1435 2294 —
1467 2269 1544 2303 καὶ
1586 2271 1770 2309 κεῖθεν,

971 2319 1076 2350 etiam
1102 2317 1216 2358 illinc,
1243 2327 1285 2349 ex
1311 2316 1390 2350 alto.
1420 2334 1461 2340 —
1487 2314 1668 2355 νόστος,
1692 2316 1769 2354 iter,

969 2363 1113 2396 reditus.
1137 2383 1182 2387 —
1214 2359 1276 2404 ὅὶψ
1311 2359 1357 2396 δὲ
1401 2361 1511 2396 θεοὶ
1544 2367 1623 2401 οἱα,
1655 2362 1770 2403 diique

968 2414 1107 2442 ventum
1131 2414 1317 2442 verterunt.
1351 2408 1511 2452 apodosis
1535 2406 1656 2462 incipit
1689 2408 1769 2441 521.

971 2474 1013 2480 -
1036 2457 1106 2487 Αιιι.
1134 2455 1197 2488 E.:
1234 2455 1313 2488 καὶ
1348 2453 1494 2489 κύνει.
1530 2452 1592 2496 (ρ’,
1616 2454 1660 2488 35
1681 2458 1768 2495 etc.)

970 2497 1178 2541 ἁπτόμενος
1205 2499 1332 2555 ἐφιᾛλει
1382 2499 1470 2540 ἔθος
1491 2498 1591 2555 εἶχον
1617 2499 1650 2533 οἱ
1677 2496 1770 2532 ἀπο-

971 2549 1175 2591 ὸημοῦντες
1209 2549 1273 2591 τῆς
1305 2549 1501 2603 πατρίδος,
1540 2542 1631 2580 όταν
1664 2544 1768 2589 ἐνδη-

966 2605 1126 2637 μγσωσι,
1166 2597 1289 2628 κυνεῖν
1322 2592 1442 2636 αυτὴν
1482 2606 1513 2626 κ.
1545 2592 1770 2632 καῖασπαζδ-

968 2643 1069 2674 σθαι.
1112 2637 1257 2682 (6sculis
1291 2645 1326 2673 et
1350 2652 1386 2673 se
1410 2640 1553 2672 invicem
1578 2638 1771 2671 salutabant

966 2686 1120 2731 antiqui,
1155 2691 1190 2718 et
1223 2686 1324 2722 deos
1358 2686 1502 2731 templa,
1535 2690 1682 2723 terram,
1705 2683 1768 2716 ‹lo—

967 2743 1037 2765 mos
1053 2757 1063 2772 ‚
1105 2733 1208 2765 solem
1259 2732 1446 2772 orientem,
1494 2730 1767 2763 venerab-intur·
1758 2753 1768 2769 ‚

966 2779 1056 2822 quod
1084 2778 1222 2822 proprio
1248 2780 1353 2811 verbo
1388 2777 1515 2810 dicitur
1536 2786 1717 2819 προσκυνε
1723 2778 1769 2809 ῖι.

968 2836 1002 2859 ν.
1036 2824 1139 2857 Schn.
1173 2825 1204 2857 11.
1232 2836 1265 2859 v.
1298 2823 1456 2857 Tibullus
1483 2826 1514 2862 1,
1537 2823 1572 2863 3,
1603 2823 1672 2856 19.:
1702 2833 1769 2854 non

968 2881 1052 2913 ew,
1079 2870 1108 2902 si
1131 2871 1251 2910 merui,
1275 2871 1425 2903 dubitem
1447 2868 1665 2912 procumbere
1684 2873 1770 2900 tcm-

967 2918 1053 2959 plis,
1092 2918 1133 2949 [vlt
1158 2917 1243 2948 ‹lm-e
1275 2917 1421 2948 sacratis
1444 2916 1559 2947 oscula
1585 2915 1768 2947 liminibus.

973 2963 1112 2994 Plautus
1138 2962 1561 3003 Merc.5,1‚1.·limcn
1594 2971 1770 3003 superum-

971 3019 1034 3052 que
1058 3009 1293 3053 inferumque,
1318 3008 1424 3041 salve.
1450 3008 1494 3040 cl'.
1523 3006 1666 3040 Palmer.
1690 3007 1772 3051 Spi-
1805 3025 1807 3030 ·
