1856 3282
151 125 234 166 202

318 231 480 303 κλαγγή
510 230 549 276 δ’
568 232 761 304 ἄσπετος
790 231 902 289 ὦρτο
935 240 1054 280 συῶν
1084 234 1416 290 αὐλιζομενάων.

208 292 290 335 415
320 288 457 341 αὐτὰρ
488 287 511 331 ὁ
543 285 608 340 οἷς
635 288 850 361 ἑτάροισιν
881 290 1072 336 ἐκέκλετο
1102 295 1196 344 δῖος
1222 291 1446 364 ὑφορβός·

394 343 565 398 ,,”Ἀξεθ
593 343 685 388 ὑῶν
712 346 789 390 τὸν
818 346 1020 401 ἄριστον,
1050 351 1124 392 ι’να
1151 350 1273 420 ξείνῳ
1303 347 1482 416 ἱερεύσω

319 402 562 472 τηλεδαπῷ·
593 402 705 457 πρός
734 403 776 446 δ’
807 402 934 447 αύτοὶ
944 402 1223 476 ὀνησόμεθ’,
1253 406 1374 458 οἵπερ
1405 402 1526 456 ὀϊζὺν

321 457 403 510 δὴν
433 457 603 527 ἔχομεν,
616 458 868 528 πάσχοντες
895 459 989 504 ὑῶν
1016 459 1126 504 ἕνεκ’
1158 460 1470 531 ἀργιοδόντων,

320 512 446 557 ἄλλοι
475 513 518 557 δ’
546 512 752 570 ἡμέτερον
779 514 974 572 κάματον
999 517 1216 574 νήποινον
1245 517 1431 561 ἔδουσιν.
1442 521 1468 541 “

364 626 454 650 suem
476 620 626 650 mactans
650 617 822 651 Eumaeus
845 617 981 662 Ulyssis
1012 618 1156 653 reditum
1180 622 1339 672 precatur
1362 630 1382 652 a
1406 617 1494 658 diis;
1525 615 1647 650 deinde
1670 614 1778 659 Nym-

283 661 360 706 phis
383 668 419 696 et
442 662 614 697 Mercurio
639 664 825 708 sacrificat,
860 665 1016 710 Ulyssem
1050 677 1132 700 vero
1157 664 1342 710 praecipua
1366 663 1524 710 portione
1546 663 1696 696 carnium
1719 661 1780 694 ho-

284 714 394 743 uorat.

207 787 290 831 420

149 1289 217 1331 τοὶς
248 1288 420 1335 συνήθεις
453 1291 587 1333 κοίτας.
699 1292 788 1338 λέγει
820 1291 861 1330 δὲ
885 1293 948 1330 καὶ

147 1337 354 1382 κλαγγὴν
397 1339 517 1372 σνῶν
562 1336 631 1382 τὴν
611 1310 797 1382 -ὃξεῖαν
840 1339 910 1387 βοή
913 1354 946 1375 ν.

149 1383 253 1428 ἔφθη
289 1383 328 1418 δὲ
358 1383 419 1419 καὶ
453 1381 511 1419 ἐπὶ
542 1385 666 1420 κυνῶν
688 1385 756 1430 τήν
779 1385 872 1430 λέξιν
900 1388 949 1422 εἰ·

145 1433 229 1465 πεῖν
247 1430 338 1473 (30).
353 1450 398 1454 -
418 1410 832 1477 αύλιζομενάωνψ
835 1432 948 1475 ’,.265

147 1495 193 1501 —-
216 1474 441 1512 ἐκέκλετο.
472 1475 521 1520 ζ,
546 1479 611 1519 71,
635 1478 675 1512 11.
699 1475 737 1522 ζ’,
763 1480 841 1581 66Ε
830 1484 897 1515 etc.

193 1544 315 1581 416-
327 1547 405 1581 419.
453 1545 664 1588 ἱερεύσω.
705 1549 762 1582 96.
852 1547 949 1582 ·ὶε-

148 1591 344 1646 ρεύσειν
355 1590 397 1626 τὸ
423 1590 586 1636 σφάξειν.
607 1613 651 1618 --
682 1592 802 1628 ἰστέον
825 1595 865 1628 δὲ
889 1592 949 1628 ὅτι

146 1637 190 1673 τὸ
199 1635 411 1696 ἱερεύσω
436 1639 572 1682 ξείνῳ
605 1638 759 1674 δύναται
783 1638 948 1697 ῥηθῆναι

146 1683 211 1719 καὶ
234 1684 318 1719 ἀντὶ
342 1683 449 1719 θύσω
482 1684 588 1729 χάριν
620 1687 689 1720 τοῦ
720 1686 850 1727 ξείνου.
897 1685 949 1722 λε’-

147 1743 201 1775 γει
222 1730 261 1765 δὲ
282 1730 342 1766 καὶ
367 1729 628 1774 ὁνήσεσθαι
646 1732 686 1766 τὸ
706 1731 949 1790 ὠφεληθῆναι

147 1745 222 1811 απὸ
246 1778 315 1812 τοῦ
338 1780 490 1820 φαγεῖν,
525 1776 600 1832 άφ’
624 1775 671 1813 οὗ
699 1792 759 1813 και
783 1777 948 1820 ὄνειαρ

147 1824 263 1877 (certe
295 1821 486 1858 ὀνείατα
516 1822 569 1865 α’,
595 1825 661 1860 148
684 1830 749 1860 etc.
793 1825 837 1857 cs.
872 1836 948 1859 ann.

148 1869 193 1903 ad
227 1867 283 1910 δ’,
307 1868 415 1912 444.)
453 1866 495 1903 τὸ
513 1871 679 1920 βρῶμα,
715 1868 765 1911 ὡς
796 1870 856 1905 καὶ
889 1870 949 1905 άλ-

149 1917 281 1959 λαχοῦ·
318 1913 412 1949 καθ’
439 1911 486 1958 ἣν
509 1914 657 1951 ἔννοιαν
679 1917 741 1951 καὶ
768 1915 806 1951 ἐν
827 1915 949 1953 Ἰλιάδι

149 1961 221 2005 (ζ,
245 1962 330 2016 260)
362 1959 496 2005 ἐῤῥέθη
529 1961 570 1997 2¹6
606 1961 774 1997 ἔπειτα
798 1963 847 1998 δε
873 1962 949 1997 αύ-

148 2007 227 2047 τὸς
247 2004 582 2063 ὀνήσεαιπιεόν.
594 2028 639 2033 -
660 2011 729 2042 Am.
740 2009 785 2049 Q.
799 2009 948 2044 emend..

151 2052 299 2096 ὀιζύν.
341 2052 414 2096 (γ’,
439 2055 526 2095 103,
562 2055 600 2088 ΙΙ.
635 2053 684 2096 ζ,
705 2055 772 2090 285
797 2058 878 2100 etc.)
914 2056 956 2090 οἴ

150 2098 249 2136 ἐστιν
284 2098 468 2157 ἐπιῤῥημα
508 2100 794 2142 σχετλιαστικὸν,
825 2116 856 2136 κ.
888 2112 951 2144 ση-

151 2149 275 2191 μαίνει
298 2145 366 2190 τὴν
384 2145 660 2181 κακοπάθειαν·
686 2147 747 2181 καὶ
771 2146 808 2190 ἐξ
832 2145 951 2182 αὐτοῦ

151 2195 292 2238 ’γίνεται
314 2193 413 2237 ῥῆμα
437 2192 543 2233 οἷ’ζω,
575 2193 636 2228 καὶ
668 2206 761 2227 κατα
785 2193 950 2229 διάλυσιν

154 2239 262 2281 ὀΐζω,
285 2252 317 2274 κ.
341 2239 554 2294 πλεονασμῷ
576 2240 645 2274 τοῦ
667 2252 691 2273 υ
712 2238 836 2283 ὀιζύω,
860 2254 891 2274 κ.
913 2239 950 2283 ἐξ

153 2284 270 2320 αὐτοῦ
293 2282 405 2327 όϊζύς.
429 2303 472 2308 -
505 2282 843 2329 ἀργιοδόντων.
869 2287 949 2326 534,

153 2331 192 2372 λ’,
213 2332 290 2366 412.
308 2351 352 2356 -
385 2328 810 2367 ἄλλοι-ἔδουσιν.
841 2343 875 2365 ν.
902 2331 950 2373 α’,

156 2359 222 2412 160
243 2384 308 2412 etc.
355 2374 588 2420 κάματον,
613 2378 773 2419 laborem,
799 2378 829 2411 h.
849 2389 878 2412 e.
901 2377 951 2411 vi-

152 2430 263 2466 ctum,
288 2434 309 2457 a
333 2433 448 2457 causa.
495 2423 621 2468 βίοτον
644 2423 730 2457 dixit
753 2423 848 2457 alias.

198 2490 319 2525 420-
330 2489 409 2527 431
454 2489 591 2527 κέασε
614 2490 692 2535 (μ’,
717 2493 807 2535 388,
838 2491 878 2525 ΙΙ.
900 2490 949 2534 π’,

153 2536 220 2572 347
242 2537 347 2579 etc.)‚
387 2537 497 2571 scidit.
522 2556 566 2562 —
617 2537 754 2582 νηλέι·
785 2539 950 2585 χαλκῷ,

153 2583 410 2617 immisericordi
425 2585 542 2626 ferro,
577 2583 609 2616 h.
636 2595 666 2617 e.
692 2585 789 2617 duro.
831 2588 951 2629 tropus

154 2628 414 2663 usitatissimus:
439 2640 471 2662 v.
496 2627 541 2671 δ’,
560 2630 640 2670 743,
663 2629 702 2663 ΙΙ.
759 2630 861 2671 ,292
884 2635 949 2663 etc.

155 2694 198 2699 —
222 2687 274 2709 vv
295 2672 641 2729 πενταέτηρον,
666 2680 704 2708 ut
725 2643 819 2721 βόῦν
842 2675 881 2708 ΙΙ.
906 2673 951 2720 β’,

155 2720 236 2762 402,
261 2720 318 2754 ubi
334 2732 366 2754 v.
386 2731 462 2755 ann.
499 2721 599 2755 citius
623 2727 733 2755 tamen
757 2720 955 2755 adolescunt

156 2777 233 2800 sues
264 2777 378 2820 quam
392 2766 510 2801 boves.
557 2767 758 2801 Aristoteles
789 2767 835 2802 H.
857 2768 895 2800 Α.
919 2767 953 2805 5,

158 2814 213 2865 193,
237 2813 310 2847 10.=
335 2809 472 2856 κάπρος
496 2810 535 2847 δὲ
560 2810 703 2868 ἀγαθός
725 2810 790 2856 μὲν
815 2810 955 2856 ὀχεύειν

158 2856 261 2913 μέχρι
281 2856 342 2894 ἐπὶ
368 2857 514 2901 τριετὲς.
548 2860 621 2893 τῶν
644 2856 683 2893 δε
707 2857 956 2904 πρεσβυτέρων

158 2903 265 2949 χείρω
297 2902 344 2939 τά
368 2900 595 2950 ἔκγονα·ού
625 2903 695 2950 γάρ
723 2903 776 2941 ἔτι
797 2905 957 2950 γίγνεται

775 125 1164 168 ΟΜΗΡΟΥ

391 784 492 843 Ὡς
506 786 591 840 ἄρα
621 789 826 858 φωνήσας
853 789 979 834 κέασε
1007 788 1115 842 ξύλα
1143 789 1263 844 νηλέϊ
1289 791 1454 846 χαλκῷ·

318 842 361 886 οἱ
391 841 434 886 δ’
463 844 520 885 ὐν
529 844 722 914 εἰσῆγον
751 844 867 899 μάλα
894 848 1028 889 πίονα
1052 848 1348 916 πενταέτηρον.

314 897 392 941 τὸν
419 899 517 969 μὲν
526 898 656 942 ἔπειτ’
688 900 868 969 ἔστησαν
898 901 966 945 ἐπ’
998 902 1179 972 ἐσχάρῃ·
1215 902 1318 946 οὐδὲ
1329 899 1546 973 συβώτης

316 952 469 1024 λήθετ’
498 952 576 1024 ἄρ’
606 953 864 1009 ἀθανάτων,
902 958 1031 1011 φρεσὶ
1062 958 1145 1013 γάρ
1172 955 1343 1028 κέχρητ’
1373 955 1603 1024 ἀγαθῇσιν,

315 1008 414 1052 ἀλλ’
434 1007 512 1079 ὅγ’
545 1008 844 1084 ἀπαρχόμενος
870 1016 1061 1083 κεφαλῆς
1089 1014 1235 1068 τρίχας
1265 1014 1311 1056 ἐν
1338 1014 1445 1069 πυρὶ
1477 1012 1634 1069 βάλλεν

206 1067 287 1112 425
316 1063 601 1137 ἀργιόδοντος
630 1067 735 1122 νὸς,
764 1085 838 1112 και
865 1068 1074 1139 ἐπεύχετο
1096 1073 1201 1114 πᾶσι
1229 1073 1384 1120 θεοῖσι,
1545 1100 1549 1102 ἡ

317 1125 521 1178 νοστῆσαι
549 1121 738 1180 Ὀδυσῆα
765 1124 1028 1181 πολύφρονα
1057 1124 1157 1170 ὅνδε
1186 1125 1383 1181 δόμονδε.

994 1293 1095 1340 αὐτῷ
1126 1293 1309 1337 ἐπίδοσις,
1352 1291 1440 1329 οὐδὲ
1474 1290 1591 1338 ῥώμη.
1639 1289 1791 1325 siminter

993 1341 1108 1375 Varro
1141 1341 1185 1375 de
1213 1342 1256 1375 R.
1280 1341 1323 1374 R.
1347 1342 1389 1382 2,
1417 1338 1460 1383 4,
1484 1341 1538 1381 8.,
1572 1342 1712 1372 notante
1742 1335 1792 1370 ibi

994 1387 1222 1422 Schneidero·
1247 1388 1354 1420 verris
1372 1388 1393 1421 8
1410 1385 1574 1420 mensium
1597 1384 1717 1427 incipit
1733 1394 1792 1415 sa-

994 1434 1076 1475 lire3
1107 1439 1307 1477 permanet,
1337 1438 1375 1466 ut
1400 1433 1436 1466 id
1461 1436 1552 1466 recte
1568 1432 1691 1473 faeere
1711 1439 1791 1472 poe-

995 1481 1059 1521 sit,
1084 1480 1131 1513 ad
1153 1480 1302 1514 trimum.
1350 1478 1430 1512 item
1454 1476 1583 1511 Plinssus
1617 1476 1661 1509 Η.
1685 1475 1732 1509 N.
1757 1476 1789 1513 8,

995 1527 1051 1560 51.
1095 1525 1155 1559 sed
1180 1523 1365 1559 Columella
1387 1524 1429 1566 7,
1453 1525 1487 1558 9.
1511 1533 1617 1567 usque
1639 1521 1682 1555 ad
1707 1532 1790 1565 qua-

993 1571 1170 1604 drimatum
1194 1581 1361 1624 generare
1381 1569 1468 1603 dicit
1490 1579 1618 1602 verres.
1668 1566 1791 1600 deinde

994 1617 1193 1662 pinguefieri
1215 1616 1392 1660 incipiunt.
1440 1626 1480 1648 ex
1513 1625 1578 1659 quo
1601 1612 1794 1646 existimare

994 1674 1189 1707 possumus
1221 1663 1321 1707 quale
1343 1659 1556 1694 statuendum
1580 1659 1623 1692 sit
1649 1658 1791 1704 pretium

993 1708 1046 1742 sui
1079 1708 1295 1753 quinquenni.
1332 1725 1376 1731 —
1419 1704 1488 1741 ἐπ’
1522 1704 1711 1749 ἐσχάρῃ,
1744 1704 1791 1737 ad

987 1757 1127 1798 focum,
1152 1755 1195 1787 ad
1221 1764 1316 1808 quem
1341 1751 1519 1786 mactanda
1544 1757 1619 1784 erat
1643 1750 1790 1784 victima.

995 1819 1038 1823 —-
1063 1800 1196 1844 φρεσὶ
1222 1819 1267 1824 -
1287 1796 1533 1843 α’γαθῇσιν.
1566 1796 1714 1837 ἔπαινος
1731 1793 1792 1831 εύ-

995 1846 1144 1890 σεβείας.
1176 1845 1283 1878 ΕΧΕ.
1303 1845 1338 1878 in
1357 1844 1552 1878 universum
1569 1849 1680 1877 tamen
1703 1841 1793 1886 φρέ-

994 1904 1053 1930 νες
1076 1891 1216 1935 άΙαθαὶ
1246 1891 1318 1924 sive
1343 1888 1470 1925 ἐσθλαὶ
1504 1895 1648 1923 mentem
1671 1900 1793 1922 sanam

993 1938 1198 1981 significant,
1221 1936 1498 1993 sapientiamque,
1523 1936 1619 1992 cujus
1643 1946 1722 1980 pars
1742 1938 1796 1968 est

995 1984 1116 2037 pietas.
1153 1994 1184 2016 v.
1209 1982 1252 2025 γ’,
1276 1985 1362 2023 266,
1387 1981 1427 2023 λ,
1450 1981 1537 2022 366,
1563 1980 1615 2023 ω’,
1640 1980 1718 2016 194.
1752 1981 1793 2014 ll.

995 2026 1048 2070 θ’,
1065 2031 1162 2064 359³
1188 2026 1278 2063 ἀλλὰ
1303 2041 1422 2073 πατηρ
1447 2026 1562 2070 οὑμὸς
1584 2027 1688 2082 φρεσὶ
1707 2027 1793 2070 μαί-

995 2087 1094 2110 νεται
1120 2074 1188 2109 οὐκ
1213 2073 1257 2118 άγ
1252 2075 1338 2120 αθῇ
1341 2086 1387 2108 σι.
1425 2073 1564 2107 eundem
1588 2073 1695 2117 igitur
1714 2084 1792 2106 sen-

996 2132 1066 2155 sum
1084 2121 1210 2154 habent
1232 2121 1289 2154 ina
1311 2121 1444 2162 πέρι-
1455 2119 1526 2164 ἤδη
1549 2120 1628 2154 435.
1644 2137 1690 2143 -·
1712 2116 1793 2153 άπ-

996 2165 1286 2210 αρχόμενος,
1318 2165 1517 2209 auspicans,
1552 2164 1718 2210 primitias
1741 2165 1794 2199 of-

995 2213 1120 2246 ferens.
1153 2213 1197 2247 cs.
1217 2213 1260 2257 γ’,
1276 2192 1346 2247 ’446
1369 2216 1543 2255 totumque
1561 2211 1651 2244 illum
1675 2211 1794 2249 locum.

995 2276 1039 2283 --
1065 2258 1192 2293 Ε.τὸ
1226 2256 1265 2293 δε
1298 2257 1415 2313 κόψε
1444 2258 1574 2316 σχίζῃ
1609 2253 1692 2292 ἀντὶ
1724 2259 1794 2292 τοῦ

996 2303 1156 2348 ,ξ’,πληξεν
1183 2303 1365 2348 ἔκρουσεν,
1390 2301 1439 2345 ὠς
1459 2303 1516 2339 ἐπὶ
1536 2301 1704 2347 συγχύσει
1723 2305 1793 2339 τοῦ

996 2349 1220 2407 ἐγκεφάλου.
1252 2349 1367 2390 αλλως
1388 2363 1456 2407 γαρ
1487 2350 1547 2385 καὶ
1571 2348 1745 2394 σφάζεται
1769 2347 1791 2386 6

995 2398 1166 2438 τοιοῦτος
1197 2391 1251 2437 ὗς.
1297 2397 1339 2432 τὸ
1384 2394 1424 2431 δὲ
1467 2393 1791 2441 ἀνασχόμενος

996 2440 1147 2500 εὕρηται
1170 2441 1326 2499 ἀλλαχοῦ
1352 2441 1417 2486 (τ’,
1441 2443 1527 2484 448,
1550 2442 1590 2477 ΙΙ.
1613 2442 1657 2487 γ’,
1680 2443 1759 2477 362.
1761 2443 1793 2487 ),

996 2504 1030 2525 κ.
1063 2487 1274 2546 α’νασχων
1306 2488 1385 2546 (δ,
1409 2470 1496 2530 '115‚
1527 2487 1576 2530 ν’,
1598 2482 1748 2524 355etc.
1758 2489 1793 2530 ),

996 2531 1081 2580 ἦτοι
1112 2533 1322 2576 ἀνατείνας,
1355 2532 1378 2581 ἢ
1409 2534 1477 2579 τήν
1506 2536 1648 2578 σχίζαν,
1679 2530 1706 2578 ἢ
1728 2533 1795 2577 τήν

996 2594 1111 2668 ἔ.”ἒ.”ῗ
1133 2580 1583 2682 .{¹.¹1“²‘..{{‡‘3.2⁰2³53{2⁰⁵
1612 2578 1794 2673 ’(1.ἔὲἔὲ

1227 2640 1247 2660 v
1565 2644 1612 2651 —

998 2671 1106 2715 (534,
1139 2671 1191 2714 τ’,
1220 2671 1284 2714 48,
1307 2672 1403 2729 340).
1428 2673 1583 2730 σχίζων.
1623 2661 1696 2707 κέω
1727 2683 1797 2716 γαρ

998 2718 1261 2774 πρωτότυπον,
1295 2715 1369 2761 ἀφ’
1399 2713 1444 2754 οὗ
1475 2718 1517 2753 τὸ
1547 2715 1704 2760 κεάζειν,
1733 2717 1796 2752 καὶ

999 2764 1043 2798 τὸ
1077 2763 1213 2801 κέασε
1243 2764 1348 2808 (420)
1382 2784 1426 2789 ——
1461 2762 1500 2807 ἐξ
1531 2761 1649 2799 αὐτοῦ
1682 2760 1722 2798 δὲ
1753 2760 1795 2797 τό

1001 2810 1110 2845 κείω
1133 2809 1317 2846 ἐπενθέσει
1340 2810 1407 2846 τοῦ
1429 2809 1534 2852 ἰῶτα,
1558 2805 1644 2845 καθ’
1669 2804 1796 2852 ὁμοιό-

1001 2869 1094 2899 τητα
1124 2858 1193 2891 τοῦ
1218 2855 1322 2892 τελέω
1346 2857 1487 2898 τελείω,
1519 2855 1580 2891 καὶ
1611 2853 1680 2890 κέω
1711 2854 1795 2888 κείω

1001 2901 1044 2937 τὸ
1068 2903 1201 2947 κεῖμαι,
1222 2915 1255 2939 ιι.
1278 2903 1351 2939 ταῖν
1373 2899 1524 2947 ὁμοίων.
1569 2899 1796 2936 montbeliusz
