<?xml version="1.0" encoding="UTF-8"?>
<!DOCTYPE html PUBLIC "-//W3C//DTD XHTML 1.0 Transitional//EN"
    "http://www.w3.org/TR/xhtml1/DTD/xhtml1-transitional.dtd">
<html xmlns="http://www.w3.org/1999/xhtml" xml:lang="en" lang="en">
 <head>
  <title>
</title>
<meta http-equiv="Content-Type" content="text/html;charset=utf-8" />
  <meta name='ocr-system' content='tesseract 3.04.00' />
  <meta name='ocr-capabilities' content='ocr_page ocr_carea ocr_par ocr_line ocrx_word'/>
</head>
<body>
  <div class='ocr_page' id='page_1' title='image "./carmina03home/carmina03home_0318.png"; bbox 0 0 1856 3282; ppageno 0'>
   <div class='ocr_carea' id='block_1_1' title="bbox 92 127 148 168">
    <p class='ocr_par' dir='ltr' id='par_1_1' title="bbox 92 127 148 168">
     <span class='ocr_line' id='line_1_1' title="bbox 92 127 148 168; baseline -0.018 0"><span class='ocrx_word' id='word_1_1' title='bbox 92 127 148 168; x_wconf 69' lang='lat'><strong>44</strong></span> 
     </span>
    </p>
   </div>
   <div class='ocr_carea' id='block_1_2' title="bbox 90 227 906 1141">
    <p class='ocr_par' dir='ltr' id='par_1_2' title="bbox 90 227 906 1141">
     <span class='ocr_line' id='line_1_2' title="bbox 93 227 901 272; baseline -0.009 -5"><span class='ocrx_word' id='word_1_2' title='bbox 93 232 174 267; x_wconf 87' lang='lat' dir='ltr'><strong>Und</strong></span> <span class='ocrx_word' id='word_1_3' title='bbox 217 230 273 265; x_wconf 88' lang='lat' dir='ltr'><strong>bei</strong></span> <span class='ocrx_word' id='word_1_4' title='bbox 306 229 372 264; x_wconf 89' lang='lat' dir='ltr'><strong>den</strong></span> <span class='ocrx_word' id='word_1_5' title='bbox 409 230 548 263; x_wconf 81' lang='lat' dir='ltr'><strong>ludiern</strong></span> <span class='ocrx_word' id='word_1_6' title='bbox 583 229 664 263; x_wconf 79' lang='lat' dir='ltr'><strong>saud</strong></span> <span class='ocrx_word' id='word_1_7' title='bbox 700 227 901 272; x_wconf 77' lang='lat' dir='ltr'><strong>Apollonius</strong></span> 
     </span>
     <span class='ocr_line' id='line_1_3' title="bbox 91 276 900 321; baseline -0.009 -9"><span class='ocrx_word' id='word_1_8' title='bbox 91 291 160 312; x_wconf 85' lang='lat' dir='ltr'><strong>von</strong></span> <span class='ocrx_word' id='word_1_9' title='bbox 195 277 318 321; x_wconf 83' lang='lat' dir='ltr'><strong>Tyane</strong></span> <span class='ocrx_word' id='word_1_10' title='bbox 353 277 540 319; x_wconf 75' lang='lat' dir='ltr'><strong>(Philostr.</strong></span> <span class='ocrx_word' id='word_1_11' title='bbox 552 276 568 318; x_wconf 90' lang='lat'>)</span> <span class='ocrx_word' id='word_1_12' title='bbox 600 278 622 310; x_wconf 81' lang='grc'>2</span> <span class='ocrx_word' id='word_1_13' title='bbox 653 277 801 308; x_wconf 68' lang='grc'><strong>6313553</strong></span> <span class='ocrx_word' id='word_1_14' title='bbox 834 284 900 306; x_wconf 83' lang='lat' dir='ltr'><strong>von</strong></span> 
     </span>
     <span class='ocr_line' id='line_1_4' title="bbox 90 319 902 362; baseline -0.007 -4"><span class='ocrx_word' id='word_1_15' title='bbox 90 324 302 359; x_wconf 85' lang='lat' dir='ltr'><strong>schwarzem</strong></span> <span class='ocrx_word' id='word_1_16' title='bbox 334 322 453 362; x_wconf 77' lang='lat' dir='ltr'><strong>stein,</strong></span> <span class='ocrx_word' id='word_1_17' title='bbox 489 333 613 354; x_wconf 88' lang='lat' dir='ltr'><strong>wovon</strong></span> <span class='ocrx_word' id='word_1_18' title='bbox 646 322 708 354; x_wconf 85' lang='lat' dir='ltr'><strong>das</strong></span> <span class='ocrx_word' id='word_1_19' title='bbox 731 321 807 353; x_wconf 88' lang='lat' dir='ltr'><strong>eine</strong></span> <span class='ocrx_word' id='word_1_20' title='bbox 832 319 902 352; x_wconf 84' lang='lat' dir='ltr'><strong>Re-</strong></span> 
     </span>
     <span class='ocr_line' id='line_1_5' title="bbox 91 347 900 413; baseline -0.007 -11"><span class='ocrx_word' id='word_1_21' title='bbox 91 380 182 413; x_wconf 82' lang='lat' dir='ltr'><strong>gen,</strong></span> <span class='ocrx_word' id='word_1_22' title='bbox 209 368 270 401; x_wconf 85' lang='lat' dir='ltr'><strong>das</strong></span> <span class='ocrx_word' id='word_1_23' title='bbox 295 368 422 401; x_wconf 88' lang='lat' dir='ltr'><strong>andere</strong></span> <span class='ocrx_word' id='word_1_24' title='bbox 442 347 569 400; x_wconf 79' lang='lat' dir='ltr'><strong>’Winde</strong></span> <span class='ocrx_word' id='word_1_25' title='bbox 586 366 739 400; x_wconf 79' lang='lat' dir='ltr'><strong>enthiel&#39;c</strong></span> <span class='ocrx_word' id='word_1_26' title='bbox 777 365 900 407; x_wconf 75' lang='lat' dir='ltr'><strong>Einige</strong></span> 
     </span>
     <span class='ocr_line' id='line_1_6' title="bbox 90 411 901 457; baseline -0.007 -9"><span class='ocrx_word' id='word_1_27' title='bbox 90 414 222 457; x_wconf 79' lang='lat' dir='ltr'><strong>Ausleg</strong></span> <span class='ocrx_word' id='word_1_28' title='bbox 203 425 263 447; x_wconf 65' lang='lat' dir='ltr'><strong>(rer</strong></span> <span class='ocrx_word' id='word_1_29' title='bbox 283 414 408 447; x_wconf 87' lang='lat' dir='ltr'><strong>wollen</strong></span> <span class='ocrx_word' id='word_1_30' title='bbox 433 424 540 454; x_wconf 76' lang='lat' dir='ltr'><strong>zwai,</strong></span> <span class='ocrx_word' id='word_1_31' title='bbox 565 413 644 446; x_wconf 87' lang='lat' dir='ltr'><strong>dass</strong></span> <span class='ocrx_word' id='word_1_32' title='bbox 663 411 780 445; x_wconf 82' lang='lat' dir='ltr'><strong>Aeolia</strong></span> <span class='ocrx_word' id='word_1_33' title='bbox 806 411 901 443; x_wconf 80' lang='lat' dir='ltr'><strong>nicht</strong></span> 
     </span>
     <span class='ocr_line' id='line_1_7' title="bbox 90 458 901 501; baseline -0.009 -6"><span class='ocrx_word' id='word_1_34' title='bbox 90 460 311 500; x_wconf 81' lang='lat' dir='ltr'><strong>schwimme‚</strong></span> <span class='ocrx_word' id='word_1_35' title='bbox 337 459 504 501; x_wconf 84' lang='lat' dir='ltr'><strong>sondem,</strong></span> <span class='ocrx_word' id='word_1_36' title='bbox 533 470 596 491; x_wconf 87' lang='lat' dir='ltr'><strong>nur</strong></span> <span class='ocrx_word' id='word_1_37' title='bbox 619 458 901 490; x_wconf 83' lang='lat' dir='ltr'><strong>umschvvommen</strong></span> 
     </span>
     <span class='ocr_line' id='line_1_8' title="bbox 90 501 900 548; baseline -0.007 -9"><span class='ocrx_word' id='word_1_38' title='bbox 90 517 159 539; x_wconf 86' lang='lat' dir='ltr'><strong>von</strong></span> <span class='ocrx_word' id='word_1_39' title='bbox 172 505 270 538; x_wconf 72' lang='lat' dir='ltr'><strong>Meet</strong></span> <span class='ocrx_word' id='word_1_40' title='bbox 274 515 406 548; x_wconf 85' lang='lat' dir='ltr'><strong>wogen,</strong></span> <span class='ocrx_word' id='word_1_41' title='bbox 425 509 524 537; x_wconf 81' lang='lat' dir='ltr'><strong>unter</strong></span> <span class='ocrx_word' id='word_1_42' title='bbox 540 505 604 537; x_wconf 87' lang='lat' dir='ltr'><strong>den</strong></span> <span class='ocrx_word' id='word_1_43' title='bbox 622 503 828 548; x_wconf 87' lang='lat' dir='ltr'><strong>liparischen</strong></span> <span class='ocrx_word' id='word_1_44' title='bbox 842 501 900 533; x_wconf 85' lang='lat' dir='ltr'><strong>In-</strong></span> 
     </span>
     <span class='ocr_line' id='line_1_9' title="bbox 91 546 899 586; baseline -0.009 0"><span class='ocrx_word' id='word_1_45' title='bbox 91 553 164 586; x_wconf 84' lang='lat' dir='ltr'><strong>selu</strong></span> <span class='ocrx_word' id='word_1_46' title='bbox 186 550 293 584; x_wconf 83' lang='lat' dir='ltr'><strong>stehe.</strong></span> <span class='ocrx_word' id='word_1_47' title='bbox 326 550 394 583; x_wconf 84' lang='lat' dir='ltr'><strong>Ein</strong></span> <span class='ocrx_word' id='word_1_48' title='bbox 411 552 457 582; x_wconf 88' lang='lat' dir='ltr'>W</span> <span class='ocrx_word' id='word_1_49' title='bbox 460 550 568 583; x_wconf 87' lang='lat' dir='ltr'><strong>under</strong></span> <span class='ocrx_word' id='word_1_50' title='bbox 584 551 678 582; x_wconf 83' lang='lat' dir='ltr'>mehr</span> <span class='ocrx_word' id='word_1_51' title='bbox 692 550 778 582; x_wconf 90' lang='lat' dir='ltr'><strong>oder</strong></span> <span class='ocrx_word' id='word_1_52' title='bbox 791 560 823 580; x_wconf 67' lang='grc'><strong>11</strong></span> <span class='ocrx_word' id='word_1_53' title='bbox 828 546 899 580; x_wconf 90' lang='lat' dir='ltr'><strong>eni-</strong></span> 
     </span>
     <span class='ocr_line' id='line_1_10' title="bbox 90 595 900 642; baseline -0.007 -11"><span class='ocrx_word' id='word_1_54' title='bbox 90 608 156 642; x_wconf 85' lang='lat' dir='ltr'><strong>ger</strong></span> <span class='ocrx_word' id='word_1_55' title='bbox 181 595 380 640; x_wconf 76' lang='lat' dir='ltr'><strong>verschlagt</strong></span> <span class='ocrx_word' id='word_1_56' title='bbox 398 595 530 636; x_wconf 82' lang='lat' dir='ltr'><strong>nichts;</strong></span> <span class='ocrx_word' id='word_1_57' title='bbox 562 596 613 628; x_wconf 86' lang='lat' dir='ltr'><strong>sie</strong></span> <span class='ocrx_word' id='word_1_58' title='bbox 635 595 706 635; x_wconf 85' lang='lat' dir='ltr'><strong>sei,</strong></span> <span class='ocrx_word' id='word_1_59' title='bbox 732 607 764 626; x_wconf 83' lang='lat' dir='ltr'>w</span> <span class='ocrx_word' id='word_1_60' title='bbox 769 605 804 627; x_wconf 84' lang='lat' dir='ltr'><strong>as</strong></span> <span class='ocrx_word' id='word_1_61' title='bbox 825 604 900 626; x_wconf 81' lang='lat' dir='ltr'><strong>man</strong></span> 
     </span>
     <span class='ocr_line' id='line_1_11' title="bbox 90 639 900 686; baseline -0.008 -9"><span class='ocrx_word' id='word_1_62' title='bbox 90 641 422 686; x_wconf 82' lang='lat' dir='ltr'><strong>wunscht,Lipa1a</strong></span> <span class='ocrx_word' id='word_1_63' title='bbox 455 642 560 674; x_wconf 83' lang='lat' dir='ltr'><strong>selbst</strong></span> <span class='ocrx_word' id='word_1_64' title='bbox 593 641 678 674; x_wconf 84' lang='lat' dir='ltr'><strong>oder</strong></span> <span class='ocrx_word' id='word_1_65' title='bbox 703 639 900 682; x_wconf 72' lang='lat' dir='ltr'><strong>Sti-ungule.</strong></span> 
     </span>
     <span class='ocr_line' id='line_1_12' title="bbox 90 667 901 731; baseline -0.007 -8"><span class='ocrx_word' id='word_1_66' title='bbox 90 689 193 723; x_wconf 87' lang='lat' dir='ltr'><strong>Dann</strong></span> <span class='ocrx_word' id='word_1_67' title='bbox 212 667 308 722; x_wconf 61' lang='lat' dir='ltr'><strong>ha&#39;tte</strong></span> <span class='ocrx_word' id='word_1_68' title='bbox 327 689 410 721; x_wconf 86' lang='lat' dir='ltr'><strong>aber</strong></span> <span class='ocrx_word' id='word_1_69' title='bbox 431 687 497 720; x_wconf 88' lang='lat' dir='ltr'><strong>den</strong></span> <span class='ocrx_word' id='word_1_70' title='bbox 514 688 589 731; x_wconf 64' lang='lat' dir='ltr'><strong>Od)</strong></span> <span class='ocrx_word' id='word_1_71' title='bbox 588 698 692 719; x_wconf 87' lang='lat' dir='ltr'><strong>sseus</strong></span> <span class='ocrx_word' id='word_1_72' title='bbox 712 687 772 719; x_wconf 90' lang='lat' dir='ltr'><strong>der</strong></span> <span class='ocrx_word' id='word_1_73' title='bbox 784 686 829 718; x_wconf 82' lang='lat' dir='ltr'><strong>W</strong></span> <span class='ocrx_word' id='word_1_74' title='bbox 833 688 901 718; x_wconf 85' lang='lat' dir='ltr'><strong>est-</strong></span> 
     </span>
     <span class='ocr_line' id='line_1_13' title="bbox 92 732 902 774; baseline -0.005 -7"><span class='ocrx_word' id='word_1_75' title='bbox 92 734 207 774; x_wconf 79' lang='lat' dir='ltr'><strong>wind,</strong></span> <span class='ocrx_word' id='word_1_76' title='bbox 234 734 300 767; x_wconf 89' lang='lat' dir='ltr'><strong>den</strong></span> <span class='ocrx_word' id='word_1_77' title='bbox 324 733 392 766; x_wconf 87' lang='lat' dir='ltr'><strong>ihm</strong></span> <span class='ocrx_word' id='word_1_78' title='bbox 417 734 540 766; x_wconf 90' lang='lat' dir='ltr'><strong>Aeolos</strong></span> <span class='ocrx_word' id='word_1_79' title='bbox 565 732 815 772; x_wconf 77' lang='lat' dir='ltr'><strong>nachsendete,</strong></span> <span class='ocrx_word' id='word_1_80' title='bbox 840 742 902 763; x_wconf 90' lang='lat' dir='ltr'><strong>un-</strong></span> 
     </span>
     <span class='ocr_line' id='line_1_14' title="bbox 92 777 902 820; baseline -0.006 -6"><span class='ocrx_word' id='word_1_81' title='bbox 92 781 243 814; x_wconf 84' lang='lat' dir='ltr'><strong>verletzt</strong></span> <span class='ocrx_word' id='word_1_82' title='bbox 262 780 370 813; x_wconf 86' lang='lat' dir='ltr'><strong>durch</strong></span> <span class='ocrx_word' id='word_1_83' title='bbox 390 778 446 812; x_wconf 85' lang='lat' dir='ltr'><strong>die</strong></span> <span class='ocrx_word' id='word_1_84' title='bbox 466 779 639 819; x_wconf 85' lang='lat' dir='ltr'><strong>Irrfelsen,</strong></span> <span class='ocrx_word' id='word_1_85' title='bbox 665 778 750 811; x_wconf 85' lang='lat' dir='ltr'><strong>oder</strong></span> <span class='ocrx_word' id='word_1_86' title='bbox 773 777 902 820; x_wconf 81' lang='lat' dir='ltr'><strong>wenig-</strong></span> 
     </span>
     <span class='ocr_line' id='line_1_15' title="bbox 92 823 904 868; baseline -0.005 -9"><span class='ocrx_word' id='word_1_87' title='bbox 92 829 189 860; x_wconf 83' lang='lat' dir='ltr'><strong>stens</strong></span> <span class='ocrx_word' id='word_1_88' title='bbox 223 824 331 858; x_wconf 86' lang='lat' dir='ltr'><strong>durch</strong></span> <span class='ocrx_word' id='word_1_89' title='bbox 355 824 478 868; x_wconf 77' lang='lat' dir='ltr'><strong>Skylla</strong></span> <span class='ocrx_word' id='word_1_90' title='bbox 510 836 543 856; x_wconf 86' lang='lat' dir='ltr'><strong>u.</strong></span> <span class='ocrx_word' id='word_1_91' title='bbox 570 824 781 867; x_wconf 76' lang='lat' dir='ltr'>Charybdis,</span> <span class='ocrx_word' id='word_1_92' title='bbox 817 823 904 856; x_wconf 83' lang='lat' dir='ltr'><strong>nach</strong></span> 
     </span>
     <span class='ocr_line' id='line_1_16' title="bbox 93 869 905 910; baseline -0.004 -6"><span class='ocrx_word' id='word_1_93' title='bbox 93 871 219 904; x_wconf 78' lang='lat' dir='ltr'><strong>Ithaka</strong></span> <span class='ocrx_word' id='word_1_94' title='bbox 244 871 323 910; x_wconf 86' lang='lat' dir='ltr'><strong>hin,</strong></span> <span class='ocrx_word' id='word_1_95' title='bbox 358 882 390 903; x_wconf 93' lang='lat' dir='ltr'><strong>u.</strong></span> <span class='ocrx_word' id='word_1_96' title='bbox 417 870 596 903; x_wconf 80' lang='lat' dir='ltr'><strong>unverlezt</strong></span> <span class='ocrx_word' id='word_1_97' title='bbox 620 870 730 903; x_wconf 86' lang='lat' dir='ltr'><strong>durch</strong></span> <span class='ocrx_word' id='word_1_98' title='bbox 756 869 813 902; x_wconf 91' lang='lat' dir='ltr'><strong>die</strong></span> <span class='ocrx_word' id='word_1_99' title='bbox 837 869 905 901; x_wconf 84' lang='lat' dir='ltr'><strong>sel-</strong></span> 
     </span>
     <span class='ocr_line' id='line_1_17' title="bbox 94 913 905 962; baseline -0.005 -12"><span class='ocrx_word' id='word_1_100' title='bbox 94 916 200 962; x_wconf 85' lang='lat' dir='ltr'><strong>bigen</strong></span> <span class='ocrx_word' id='word_1_101' title='bbox 216 916 345 949; x_wconf 80' lang='lat' dir='ltr'><strong>zuriick</strong></span> <span class='ocrx_word' id='word_1_102' title='bbox 364 916 425 949; x_wconf 86' lang='lat' dir='ltr'><strong>der</strong></span> <span class='ocrx_word' id='word_1_103' title='bbox 438 916 551 948; x_wconf 81' lang='lat' dir='ltr'><strong>Sturm</strong></span> <span class='ocrx_word' id='word_1_104' title='bbox 572 915 628 947; x_wconf 88' lang='lat' dir='ltr'><strong>ihn</strong></span> <span class='ocrx_word' id='word_1_105' title='bbox 649 915 798 958; x_wconf 67' lang='lat' dir='ltr'><strong>gemin-t.</strong></span> <span class='ocrx_word' id='word_1_106' title='bbox 824 913 905 947; x_wconf 88' lang='lat' dir='ltr'><strong>Und</strong></span> 
     </span>
     <span class='ocr_line' id='line_1_18' title="bbox 95 961 906 1005; baseline -0.005 -8"><span class='ocrx_word' id='word_1_107' title='bbox 95 963 183 997; x_wconf 87' lang='lat' dir='ltr'><strong>nach</strong></span> <span class='ocrx_word' id='word_1_108' title='bbox 209 964 231 996; x_wconf 82' lang='grc'>2</span> <span class='ocrx_word' id='word_1_109' title='bbox 256 961 474 1005; x_wconf 76' lang='lat' dir='ltr'><strong>gliicklichen</strong></span> <span class='ocrx_word' id='word_1_110' title='bbox 500 961 753 994; x_wconf 75' lang='lat' dir='ltr'><strong>Durchfahrten</strong></span> <span class='ocrx_word' id='word_1_111' title='bbox 781 962 906 993; x_wconf 80' lang='lat' dir='ltr'><strong>miisste</strong></span> 
     </span>
     <span class='ocr_line' id='line_1_19' title="bbox 96 1005 906 1042; baseline -0.006 0"><span class='ocrx_word' id='word_1_112' title='bbox 96 1009 160 1042; x_wconf 87' lang='lat' dir='ltr'><strong>der</strong></span> <span class='ocrx_word' id='word_1_113' title='bbox 192 1019 283 1042; x_wconf 87' lang='lat' dir='ltr'><strong>arme</strong></span> <span class='ocrx_word' id='word_1_114' title='bbox 308 1007 437 1040; x_wconf 89' lang='lat' dir='ltr'><strong>Dulder</strong></span> <span class='ocrx_word' id='word_1_115' title='bbox 470 1019 544 1040; x_wconf 90' lang='lat' dir='ltr'><strong>zum</strong></span> <span class='ocrx_word' id='word_1_116' title='bbox 577 1005 794 1039; x_wconf 83' lang='lat' dir='ltr'><strong>drittenmale</strong></span> <span class='ocrx_word' id='word_1_117' title='bbox 826 1005 906 1037; x_wconf 86' lang='lat' dir='ltr'><strong>hin-</strong></span> 
     </span>
     <span class='ocr_line' id='line_1_20' title="bbox 96 1052 906 1096; baseline -0.002 -9"><span class='ocrx_word' id='word_1_118' title='bbox 96 1054 231 1096; x_wconf 87' lang='lat' dir='ltr'><strong>durch,</strong></span> <span class='ocrx_word' id='word_1_119' title='bbox 256 1064 310 1086; x_wconf 93' lang='lat' dir='ltr'><strong>um</strong></span> <span class='ocrx_word' id='word_1_120' title='bbox 336 1064 405 1086; x_wconf 87' lang='lat' dir='ltr'><strong>nnn</strong></span> <span class='ocrx_word' id='word_1_121' title='bbox 431 1058 503 1086; x_wconf 90' lang='lat' dir='ltr'><strong>erst</strong></span> <span class='ocrx_word' id='word_1_122' title='bbox 529 1053 594 1086; x_wconf 88' lang='lat' dir='ltr'><strong>den</strong></span> <span class='ocrx_word' id='word_1_123' title='bbox 619 1053 817 1096; x_wconf 87' lang='lat' dir='ltr'><strong>Ausspruch</strong></span> <span class='ocrx_word' id='word_1_124' title='bbox 844 1052 906 1085; x_wconf 85' lang='lat' dir='ltr'><strong>der</strong></span> 
     </span>
     <span class='ocr_line' id='line_1_21' title="bbox 96 1099 697 1141; baseline -0.003 -8"><span class='ocrx_word' id='word_1_125' title='bbox 96 1100 207 1134; x_wconf 85' lang='lat' dir='ltr'><strong>Kirke</strong></span> <span class='ocrx_word' id='word_1_126' title='bbox 232 1110 276 1132; x_wconf 88' lang='lat' dir='ltr'><strong>zu</strong></span> <span class='ocrx_word' id='word_1_127' title='bbox 301 1099 486 1132; x_wconf 63' lang='lat' dir='ltr'><strong>bewahren</strong></span> <span class='ocrx_word' id='word_1_128' title='bbox 510 1099 591 1141; x_wconf 78' lang='grc'><strong>(12,</strong></span> <span class='ocrx_word' id='word_1_129' title='bbox 615 1099 697 1141; x_wconf 82' lang='lat'>89):</span> 
     </span>
    </p>
   </div>
   <div class='ocr_carea' id='block_1_3' title="bbox 166 1166 807 1294">
    <p class='ocr_par' dir='ltr' id='par_1_3' title="bbox 166 1166 807 1294">
     <span class='ocr_line' id='line_1_22' title="bbox 171 1166 752 1201; baseline -0.003 0"><span class='ocrx_word' id='word_1_130' title='bbox 171 1167 327 1201; x_wconf 81' lang='lat' dir='ltr'><strong>Niemals</strong></span> <span class='ocrx_word' id='word_1_131' title='bbox 345 1168 483 1200; x_wconf 73' lang='lat' dir='ltr'><strong>riihmte</strong></span> <span class='ocrx_word' id='word_1_132' title='bbox 500 1166 572 1199; x_wconf 81' lang='lat' dir='ltr'><strong>sich</strong></span> <span class='ocrx_word' id='word_1_133' title='bbox 591 1166 678 1198; x_wconf 79' lang='lat' dir='ltr'><strong>noch</strong></span> <span class='ocrx_word' id='word_1_134' title='bbox 696 1167 752 1199; x_wconf 85' lang='lat' dir='ltr'><strong>ein</strong></span> 
     </span>
     <span class='ocr_line' id='line_1_23' title="bbox 237 1213 807 1257; baseline -0.002 -11"><span class='ocrx_word' id='word_1_135' title='bbox 237 1214 400 1257; x_wconf 76' lang='lat' dir='ltr'><strong>chder,</strong></span> <span class='ocrx_word' id='word_1_136' title='bbox 422 1213 495 1255; x_wconf 85' lang='lat' dir='ltr'><strong>frei</strong></span> <span class='ocrx_word' id='word_1_137' title='bbox 513 1213 573 1244; x_wconf 85' lang='lat' dir='ltr'><strong>des</strong></span> <span class='ocrx_word' id='word_1_138' title='bbox 597 1213 807 1246; x_wconf 77' lang='lat' dir='ltr'><strong>Verderbens</strong></span> 
     </span>
     <span class='ocr_line' id='line_1_24' title="bbox 166 1259 615 1294; baseline -0.007 0"><span class='ocrx_word' id='word_1_139' title='bbox 166 1261 256 1293; x_wconf 82' lang='lat' dir='ltr'><strong>Dort</strong></span> <span class='ocrx_word' id='word_1_140' title='bbox 279 1259 615 1294; x_wconf 70' lang='lat' dir='ltr'><strong>vorilberzusteuern.</strong></span> 
     </span>
    </p>
   </div>
   <div class='ocr_carea' id='block_1_4' title="bbox 95 1325 922 3038">
    <p class='ocr_par' dir='ltr' id='par_1_4' title="bbox 95 1325 922 3038">
     <span class='ocr_line' id='line_1_25' title="bbox 96 1325 908 1370; baseline -0.005 -8"><span class='ocrx_word' id='word_1_141' title='bbox 96 1327 203 1370; x_wconf 88' lang='lat' dir='ltr'><strong>Nein,</strong></span> <span class='ocrx_word' id='word_1_142' title='bbox 228 1327 337 1361; x_wconf 85' lang='lat' dir='ltr'><strong>lieber</strong></span> <span class='ocrx_word' id='word_1_143' title='bbox 355 1326 415 1360; x_wconf 90' lang='lat' dir='ltr'><strong>das</strong></span> <span class='ocrx_word' id='word_1_144' title='bbox 431 1326 778 1360; x_wconf 82' lang='lat' dir='ltr'><strong>wahrscheinlichere</strong></span> <span class='ocrx_word' id='word_1_145' title='bbox 793 1325 908 1358; x_wconf 87' lang='lat' dir='ltr'><strong>Wun-</strong></span> 
     </span>
     <span class='ocr_line' id='line_1_26' title="bbox 96 1373 908 1415; baseline -0.004 -7"><span class='ocrx_word' id='word_1_146' title='bbox 96 1374 181 1415; x_wconf 87' lang='lat' dir='ltr'><strong>der,</strong></span> <span class='ocrx_word' id='word_1_147' title='bbox 216 1374 277 1407; x_wconf 88' lang='lat' dir='ltr'><strong>das</strong></span> <span class='ocrx_word' id='word_1_148' title='bbox 308 1373 503 1406; x_wconf 66' lang='lat' dir='ltr'><strong>natur-liobe</strong></span> <span class='ocrx_word' id='word_1_149' title='bbox 537 1374 594 1406; x_wconf 81' lang='lat' dir='ltr'><strong>fiir</strong></span> <span class='ocrx_word' id='word_1_150' title='bbox 627 1373 703 1406; x_wconf 89' lang='lat' dir='ltr'><strong>eine</strong></span> <span class='ocrx_word' id='word_1_151' title='bbox 737 1373 908 1415; x_wconf 84' lang='lat' dir='ltr'><strong>Fabelge-</strong></span> 
     </span>
     <span class='ocr_line' id='line_1_27' title="bbox 95 1418 908 1465; baseline -0.005 -11"><span class='ocrx_word' id='word_1_152' title='bbox 95 1421 210 1465; x_wconf 86' lang='lat' dir='ltr'><strong>gend!</strong></span> <span class='ocrx_word' id='word_1_153' title='bbox 245 1419 366 1453; x_wconf 88' lang='lat' dir='ltr'><strong>Aeolia</strong></span> <span class='ocrx_word' id='word_1_154' title='bbox 382 1418 585 1460; x_wconf 89' lang='lat' dir='ltr'><strong>schwimmt,</strong></span> <span class='ocrx_word' id='word_1_155' title='bbox 610 1419 678 1452; x_wconf 82' lang='lat' dir='ltr'><strong>wie</strong></span> <span class='ocrx_word' id='word_1_156' title='bbox 698 1421 818 1463; x_wconf 72' lang='lat' dir='ltr'><strong>spater</strong></span> <span class='ocrx_word' id='word_1_157' title='bbox 840 1429 908 1450; x_wconf 87' lang='lat' dir='ltr'><strong>von</strong></span> 
     </span>
     <span class='ocr_line' id='line_1_28' title="bbox 95 1463 907 1510; baseline -0.005 -10"><span class='ocrx_word' id='word_1_158' title='bbox 95 1466 202 1500; x_wconf 89' lang='lat' dir='ltr'><strong>Delos</strong></span> <span class='ocrx_word' id='word_1_159' title='bbox 225 1465 380 1510; x_wconf 84' lang='lat' dir='ltr'><strong>gefabelt</strong></span> <span class='ocrx_word' id='word_1_160' title='bbox 403 1465 524 1506; x_wconf 87' lang='lat' dir='ltr'><strong>ward,</strong></span> <span class='ocrx_word' id='word_1_161' title='bbox 556 1465 606 1501; x_wconf 68' lang='lat' dir='ltr'><strong>im,</strong></span> <span class='ocrx_word' id='word_1_162' title='bbox 630 1463 907 1498; x_wconf 56' lang='lat' dir='ltr'><strong>buchstiibliehen</strong></span> 
     </span>
     <span class='ocr_line' id='line_1_29' title="bbox 96 1511 908 1553; baseline -0.004 -8"><span class='ocrx_word' id='word_1_163' title='bbox 96 1512 208 1553; x_wconf 80' lang='lat' dir='ltr'><strong>Sinn3</strong></span> <span class='ocrx_word' id='word_1_164' title='bbox 244 1523 276 1544; x_wconf 91' lang='lat' dir='ltr'><strong>u.</strong></span> <span class='ocrx_word' id='word_1_165' title='bbox 304 1522 399 1544; x_wconf 81' lang='lat' dir='ltr'><strong>zwar</strong></span> <span class='ocrx_word' id='word_1_166' title='bbox 422 1511 582 1551; x_wconf 84' lang='lat' dir='ltr'><strong>diesmal,</strong></span> <span class='ocrx_word' id='word_1_167' title='bbox 615 1512 733 1544; x_wconf 79' lang='lat' dir='ltr'><strong>wohin</strong></span> <span class='ocrx_word' id='word_1_168' title='bbox 759 1511 820 1544; x_wconf 87' lang='lat' dir='ltr'><strong>der</strong></span> <span class='ocrx_word' id='word_1_169' title='bbox 847 1511 908 1543; x_wconf 87' lang='lat' dir='ltr'><strong>be-</strong></span> 
     </span>
     <span class='ocr_line' id='line_1_30' title="bbox 95 1557 908 1600; baseline -0.004 -8"><span class='ocrx_word' id='word_1_170' title='bbox 95 1566 245 1592; x_wconf 80' lang='lat' dir='ltr'><strong>sonnene</strong></span> <span class='ocrx_word' id='word_1_171' title='bbox 263 1558 439 1600; x_wconf 87' lang='lat' dir='ltr'><strong>Odysseus</strong></span> <span class='ocrx_word' id='word_1_172' title='bbox 458 1557 523 1589; x_wconf 89' lang='lat' dir='ltr'><strong>den</strong></span> <span class='ocrx_word' id='word_1_173' title='bbox 544 1557 635 1590; x_wconf 82' lang='lat' dir='ltr'><strong>Lauf</strong></span> <span class='ocrx_word' id='word_1_174' title='bbox 652 1557 783 1590; x_wconf 78' lang='lat' dir='ltr'><strong>richten</strong></span> <span class='ocrx_word' id='word_1_175' title='bbox 800 1566 908 1589; x_wconf 88' lang='lat' dir='ltr'><strong>muss-</strong></span> 
     </span>
     <span class='ocr_line' id='line_1_31' title="bbox 95 1601 908 1647; baseline -0.006 -9"><span class='ocrx_word' id='word_1_176' title='bbox 95 1608 155 1646; x_wconf 77' lang='lat' dir='ltr'><strong>te,</strong></span> <span class='ocrx_word' id='word_1_177' title='bbox 199 1603 324 1637; x_wconf 78' lang='lat' dir='ltr'><strong>6st1ich</strong></span> <span class='ocrx_word' id='word_1_178' title='bbox 354 1614 430 1636; x_wconf 85' lang='lat' dir='ltr'><strong>vom</strong></span> <span class='ocrx_word' id='word_1_179' title='bbox 466 1602 766 1647; x_wconf 84' lang='lat' dir='ltr'><strong>Kyklopenlande.</strong></span> <span class='ocrx_word' id='word_1_180' title='bbox 823 1601 908 1635; x_wconf 89' lang='lat' dir='ltr'><strong>Hier</strong></span> 
     </span>
     <span class='ocr_line' id='line_1_32' title="bbox 95 1647 908 1693; baseline -0.004 -9"><span class='ocrx_word' id='word_1_181' title='bbox 95 1649 210 1693; x_wconf 81' lang='lat' dir='ltr'><strong>segelt.</strong></span> <span class='ocrx_word' id='word_1_182' title='bbox 241 1661 279 1683; x_wconf 88' lang='lat' dir='ltr'><strong>er</strong></span> <span class='ocrx_word' id='word_1_183' title='bbox 310 1648 371 1682; x_wconf 83' lang='lat' dir='ltr'><strong>mit</strong></span> <span class='ocrx_word' id='word_1_184' title='bbox 402 1648 479 1682; x_wconf 88' lang='lat' dir='ltr'><strong>dem</strong></span> <span class='ocrx_word' id='word_1_185' title='bbox 506 1648 725 1682; x_wconf 83' lang='lat' dir='ltr'><strong>Westwinde</strong></span> <span class='ocrx_word' id='word_1_186' title='bbox 756 1649 798 1682; x_wconf 86' lang='lat' dir='ltr'><strong>ab</strong></span> <span class='ocrx_word' id='word_1_187' title='bbox 833 1647 908 1690; x_wconf 92' lang='lat'>(10,</span> 
     </span>
     <span class='ocr_line' id='line_1_33' title="bbox 95 1694 908 1739; baseline -0.005 -9"><span class='ocrx_word' id='word_1_188' title='bbox 95 1697 178 1739; x_wconf 81' lang='grc'>25),</span> <span class='ocrx_word' id='word_1_189' title='bbox 203 1707 238 1729; x_wconf 90' lang='lat' dir='ltr'><strong>u.</strong></span> <span class='ocrx_word' id='word_1_190' title='bbox 254 1695 347 1728; x_wconf 75' lang='lat' dir='ltr'><strong>sieht</strong></span> <span class='ocrx_word' id='word_1_191' title='bbox 365 1695 399 1727; x_wconf 90' lang='lat' dir='ltr'><strong>in</strong></span> <span class='ocrx_word' id='word_1_192' title='bbox 419 1695 480 1728; x_wconf 86' lang='lat' dir='ltr'><strong>der</strong></span> <span class='ocrx_word' id='word_1_193' title='bbox 499 1696 553 1728; x_wconf 90' lang='grc'><strong>10.</strong></span> <span class='ocrx_word' id='word_1_194' title='bbox 571 1695 688 1728; x_wconf 83' lang='lat' dir='ltr'><strong>Nacht</strong></span> <span class='ocrx_word' id='word_1_195' title='bbox 705 1694 761 1727; x_wconf 89' lang='lat' dir='ltr'><strong>die</strong></span> <span class='ocrx_word' id='word_1_196' title='bbox 779 1694 908 1727; x_wconf 88' lang='lat' dir='ltr'><strong>Wach-</strong></span> 
     </span>
     <span class='ocr_line' id='line_1_34' title="bbox 97 1739 910 1775; baseline -0.004 0"><span class='ocrx_word' id='word_1_197' title='bbox 97 1743 198 1775; x_wconf 85' lang='lat' dir='ltr'><strong>feuer</strong></span> <span class='ocrx_word' id='word_1_198' title='bbox 221 1752 286 1774; x_wconf 81' lang='lat' dir='ltr'><strong>von</strong></span> <span class='ocrx_word' id='word_1_199' title='bbox 309 1740 473 1774; x_wconf 83' lang='lat' dir='ltr'><strong>Ithaka.“</strong></span> <span class='ocrx_word' id='word_1_200' title='bbox 506 1741 595 1773; x_wconf 87' lang='lat' dir='ltr'><strong>idem</strong></span> <span class='ocrx_word' id='word_1_201' title='bbox 615 1741 766 1773; x_wconf 81' lang='lat' dir='ltr'><strong>sentiens</strong></span> <span class='ocrx_word' id='word_1_202' title='bbox 789 1740 833 1773; x_wconf 87' lang='lat' dir='ltr'><strong>de</strong></span> <span class='ocrx_word' id='word_1_203' title='bbox 856 1739 910 1772; x_wconf 86' lang='lat' dir='ltr'><strong>in-</strong></span> 
     </span>
     <span class='ocr_line' id='line_1_35' title="bbox 96 1785 910 1831; baseline -0.004 -10"><span class='ocrx_word' id='word_1_204' title='bbox 96 1787 174 1822; x_wconf 83' lang='lat' dir='ltr'><strong>sula</strong></span> <span class='ocrx_word' id='word_1_205' title='bbox 198 1786 317 1820; x_wconf 90' lang='lat' dir='ltr'><strong>Aeolia</strong></span> <span class='ocrx_word' id='word_1_206' title='bbox 339 1786 402 1820; x_wconf 81' lang='lat' dir='ltr'><strong>B.:</strong></span> <span class='ocrx_word' id='word_1_207' title='bbox 424 1786 581 1828; x_wconf 80' lang='lat' dir='ltr'><strong>„Potuit‚</strong></span> <span class='ocrx_word' id='word_1_208' title='bbox 608 1797 830 1831; x_wconf 89' lang='lat' dir='ltr'><strong>quaecunque</strong></span> <span class='ocrx_word' id='word_1_209' title='bbox 851 1785 910 1818; x_wconf 91' lang='lat' dir='ltr'><strong>de-</strong></span> 
     </span>
     <span class='ocr_line' id='line_1_36' title="bbox 98 1831 908 1877; baseline -0.005 -10"><span class='ocrx_word' id='word_1_210' title='bbox 98 1845 189 1867; x_wconf 89' lang='lat' dir='ltr'><strong>mum</strong></span> <span class='ocrx_word' id='word_1_211' title='bbox 213 1833 306 1873; x_wconf 86' lang='lat' dir='ltr'><strong>sit,“</strong></span> <span class='ocrx_word' id='word_1_212' title='bbox 330 1831 464 1877; x_wconf 79' lang='lat' dir='ltr'><strong>inquit,</strong></span> <span class='ocrx_word' id='word_1_213' title='bbox 498 1832 776 1872; x_wconf 83' lang='lat' dir='ltr'><strong>„Vulcaniarum</strong></span> <span class='ocrx_word' id='word_1_214' title='bbox 809 1832 908 1865; x_wconf 90' lang='lat' dir='ltr'><strong>insu-</strong></span> 
     </span>
     <span class='ocr_line' id='line_1_37' title="bbox 98 1877 911 1934; baseline -0.002 -21"><span class='ocrx_word' id='word_1_215' title='bbox 98 1880 228 1934; x_wconf 86' lang='lat' dir='ltr'><strong>larum,</strong></span> <span class='ocrx_word' id='word_1_216' title='bbox 260 1877 381 1912; x_wconf 90' lang='lat' dir='ltr'><strong>Aeolia</strong></span> <span class='ocrx_word' id='word_1_217' title='bbox 411 1890 450 1911; x_wconf 89' lang='lat' dir='ltr'><strong>eo</strong></span> <span class='ocrx_word' id='word_1_218' title='bbox 474 1882 627 1922; x_wconf 85' lang='lat' dir='ltr'><strong>tempore</strong></span> <span class='ocrx_word' id='word_1_219' title='bbox 650 1882 780 1912; x_wconf 81' lang='lat' dir='ltr'><strong>natare.</strong></span> <span class='ocrx_word' id='word_1_220' title='bbox 823 1878 911 1911; x_wconf 88' lang='lat' dir='ltr'><strong>Cra-</strong></span> 
     </span>
     <span class='ocr_line' id='line_1_38' title="bbox 99 1924 912 1978; baseline -0.005 -18"><span class='ocrx_word' id='word_1_221' title='bbox 99 1931 177 1960; x_wconf 81' lang='lat' dir='ltr'><strong>tere</strong></span> <span class='ocrx_word' id='word_1_222' title='bbox 195 1924 368 1978; x_wconf 73' lang='lat' dir='ltr'><strong>ignivomo</strong></span> <span class='ocrx_word' id='word_1_223' title='bbox 393 1928 428 1957; x_wconf 80' lang='lat' dir='ltr'><strong>et</strong></span> <span class='ocrx_word' id='word_1_224' title='bbox 452 1925 702 1958; x_wconf 79' lang='lat' dir='ltr'><strong>subtermarino</strong></span> <span class='ocrx_word' id='word_1_225' title='bbox 722 1928 912 1957; x_wconf 71' lang='lat' dir='ltr'><strong>eructatam</strong></span> 
     </span>
     <span class='ocr_line' id='line_1_39' title="bbox 101 1969 912 2024; baseline -0.004 -19"><span class='ocrx_word' id='word_1_226' title='bbox 101 1982 245 2006; x_wconf 84' lang='lat' dir='ltr'>massam</span> <span class='ocrx_word' id='word_1_227' title='bbox 278 1971 485 2016; x_wconf 86' lang='lat' dir='ltr'><strong>pumicosam</strong></span> <span class='ocrx_word' id='word_1_228' title='bbox 511 1971 589 2015; x_wconf 90' lang='lat' dir='ltr'><strong>quis</strong></span> <span class='ocrx_word' id='word_1_229' title='bbox 620 1975 725 2024; x_wconf 75' lang='lat' dir='ltr'><strong>neget</strong></span> <span class='ocrx_word' id='word_1_230' title='bbox 758 1969 912 2014; x_wconf 86' lang='lat' dir='ltr'><strong>potuisse</strong></span> 
     </span>
     <span class='ocr_line' id='line_1_40' title="bbox 100 2015 911 2061; baseline -0.004 -10"><span class='ocrx_word' id='word_1_231' title='bbox 100 2019 254 2051; x_wconf 78' lang='lat' dir='ltr'><strong>natare?</strong></span> <span class='ocrx_word' id='word_1_232' title='bbox 301 2016 386 2050; x_wconf 90' lang='lat' dir='ltr'><strong>Inde</strong></span> <span class='ocrx_word' id='word_1_233' title='bbox 418 2016 496 2049; x_wconf 82' lang='lat' dir='ltr'><strong>Deli</strong></span> <span class='ocrx_word' id='word_1_234' title='bbox 528 2017 660 2050; x_wconf 87' lang='lat' dir='ltr'><strong>natatio</strong></span> <span class='ocrx_word' id='word_1_235' title='bbox 694 2015 911 2061; x_wconf 82' lang='lat' dir='ltr'><strong>explicanda.</strong></span> 
     </span>
     <span class='ocr_line' id='line_1_41' title="bbox 101 2063 910 2107; baseline -0.004 -10"><span class='ocrx_word' id='word_1_236' title='bbox 101 2063 173 2105; x_wconf 81' lang='lat' dir='ltr'><strong>Qui</strong></span> <span class='ocrx_word' id='word_1_237' title='bbox 209 2065 319 2096; x_wconf 81' lang='lat' dir='ltr'><strong>autem</strong></span> <span class='ocrx_word' id='word_1_238' title='bbox 362 2063 527 2106; x_wconf 69' lang='lat' dir='ltr'><strong>temporis</strong></span> <span class='ocrx_word' id='word_1_239' title='bbox 561 2073 726 2107; x_wconf 86' lang='lat' dir='ltr'><strong>processu</strong></span> <span class='ocrx_word' id='word_1_240' title='bbox 767 2072 910 2102; x_wconf 80' lang='lat' dir='ltr'>massae,</span> 
     </span>
     <span class='ocr_line' id='line_1_42' title="bbox 100 2108 912 2156; baseline -0.004 -13"><span class='ocrx_word' id='word_1_241' title='bbox 100 2109 243 2156; x_wconf 86' lang='lat' dir='ltr'><strong>primum</strong></span> <span class='ocrx_word' id='word_1_242' title='bbox 267 2108 465 2149; x_wconf 79' lang='lat' dir='ltr'><strong>fluitantes,</strong></span> <span class='ocrx_word' id='word_1_243' title='bbox 496 2109 581 2142; x_wconf 82' lang='lat' dir='ltr'><strong>fiant</strong></span> <span class='ocrx_word' id='word_1_244' title='bbox 604 2109 762 2148; x_wconf 81' lang='lat' dir='ltr'><strong>stabiles,</strong></span> <span class='ocrx_word' id='word_1_245' title='bbox 787 2108 912 2141; x_wconf 85' lang='lat' dir='ltr'><strong>multae</strong></span> 
     </span>
     <span class='ocr_line' id='line_1_43' title="bbox 99 2154 911 2201; baseline -0.001 -12"><span class='ocrx_word' id='word_1_246' title='bbox 99 2158 246 2201; x_wconf 83' lang='lat' dir='ltr'><strong>possunt</strong></span> <span class='ocrx_word' id='word_1_247' title='bbox 279 2158 315 2188; x_wconf 82' lang='lat' dir='ltr'><strong>et</strong></span> <span class='ocrx_word' id='word_1_248' title='bbox 349 2154 640 2198; x_wconf 83' lang='lat' dir='ltr'><strong>probabilissimae</strong></span> <span class='ocrx_word' id='word_1_249' title='bbox 673 2154 822 2188; x_wconf 85' lang='lat' dir='ltr'><strong>rationes</strong></span> <span class='ocrx_word' id='word_1_250' title='bbox 849 2165 911 2188; x_wconf 80' lang='lat' dir='ltr'><strong>ex-</strong></span> 
     </span>
     <span class='ocr_line' id='line_1_44' title="bbox 101 2199 911 2258; baseline -0.001 -23"><span class='ocrx_word' id='word_1_251' title='bbox 101 2201 291 2245; x_wconf 84' lang='lat' dir='ltr'><strong>cogitari.“</strong></span> <span class='ocrx_word' id='word_1_252' title='bbox 337 2199 426 2233; x_wconf 81' lang='lat' dir='ltr'><strong>favit</strong></span> <span class='ocrx_word' id='word_1_253' title='bbox 462 2201 494 2234; x_wconf 92' lang='lat' dir='ltr'><strong>ei</strong></span> <span class='ocrx_word' id='word_1_254' title='bbox 522 2199 812 2258; x_wconf 80' lang='lat' dir='ltr'><strong>interpretationi</strong></span> <span class='ocrx_word' id='word_1_255' title='bbox 839 2201 911 2244; x_wconf 83' lang='lat' dir='ltr'><strong>jam</strong></span> 
     </span>
     <span class='ocr_line' id='line_1_45' title="bbox 99 2243 911 2293; baseline -0.002 -12"><span class='ocrx_word' id='word_1_256' title='bbox 99 2248 179 2281; x_wconf 89' lang='lat' dir='ltr'><strong>olim</strong></span> <span class='ocrx_word' id='word_1_257' title='bbox 213 2246 257 2282; x_wconf 85' lang='lat' dir='ltr'><strong>E.</strong></span> <span class='ocrx_word' id='word_1_258' title='bbox 302 2244 480 2290; x_wconf 78' lang='grc' dir='ltr'><strong><em>πλωτὴ,</em></strong></span> <span class='ocrx_word' id='word_1_259' title='bbox 521 2246 654 2293; x_wconf 88' lang='lat' dir='ltr'><strong>inquit,</strong></span> <span class='ocrx_word' id='word_1_260' title='bbox 695 2243 717 2290; x_wconf 79' lang='grc' dir='ltr'>ἢ</span> <span class='ocrx_word' id='word_1_261' title='bbox 750 2246 845 2280; x_wconf 78' lang='grc' dir='ltr'><strong><em>κατά</em></strong></span> <span class='ocrx_word' id='word_1_262' title='bbox 875 2258 911 2279; x_wconf 86' lang='grc' dir='ltr'><strong>τι</strong></span> 
     </span>
     <span class='ocr_line' id='line_1_46' title="bbox 101 2291 914 2336; baseline 0 -9"><span class='ocrx_word' id='word_1_263' title='bbox 101 2292 234 2335; x_wconf 87' lang='lat' dir='ltr'><strong>(scrib.</strong></span> <span class='ocrx_word' id='word_1_264' title='bbox 266 2291 362 2327; x_wconf 76' lang='grc' dir='ltr'><strong>κατά</strong></span> <span class='ocrx_word' id='word_1_265' title='bbox 397 2306 481 2327; x_wconf 79' lang='grc' dir='ltr'><strong><em>τινα</em></strong></span> <span class='ocrx_word' id='word_1_266' title='bbox 513 2294 569 2327; x_wconf 88' lang='lat' dir='ltr'><strong>vel</strong></span> <span class='ocrx_word' id='word_1_267' title='bbox 601 2293 745 2336; x_wconf 84' lang='grc' dir='ltr'>τινας.)</span> <span class='ocrx_word' id='word_1_268' title='bbox 778 2291 914 2336; x_wconf 81' lang='grc' dir='ltr'><strong><em>κύριον</em></strong></span> 
     </span>
     <span class='ocr_line' id='line_1_47' title="bbox 101 2336 913 2396; baseline -0.003 -21"><span class='ocrx_word' id='word_1_269' title='bbox 101 2339 224 2382; x_wconf 83' lang='grc' dir='ltr'><strong><em>ὄνομα</em></strong></span> <span class='ocrx_word' id='word_1_270' title='bbox 249 2337 444 2393; x_wconf 74' lang='grc' dir='ltr'>(Πλώτη),</span> <span class='ocrx_word' id='word_1_271' title='bbox 477 2336 499 2382; x_wconf 77' lang='grc' dir='ltr'><em>ἢ</em></span> <span class='ocrx_word' id='word_1_272' title='bbox 525 2338 548 2396; x_wconf 86' lang='grc' dir='ltr'>ἡ</span> <span class='ocrx_word' id='word_1_273' title='bbox 572 2340 718 2384; x_wconf 77' lang='grc' dir='ltr'><strong><em>κειμένη</em></strong></span> <span class='ocrx_word' id='word_1_274' title='bbox 743 2337 782 2374; x_wconf 81' lang='grc' dir='ltr'><strong><em>ἐν</em></strong></span> <span class='ocrx_word' id='word_1_275' title='bbox 809 2341 913 2373; x_wconf 81' lang='grc' dir='ltr'><strong><em>πλεο-</em></strong></span> 
     </span>
     <span class='ocr_line' id='line_1_48' title="bbox 99 2383 914 2431; baseline -0.001 -11"><span class='ocrx_word' id='word_1_276' title='bbox 99 2384 227 2430; x_wconf 83' lang='grc' dir='ltr'><strong><em>μένοις</em></strong></span> <span class='ocrx_word' id='word_1_277' title='bbox 249 2383 392 2426; x_wconf 82' lang='grc' dir='ltr'><strong><em>τόποις,</em></strong></span> <span class='ocrx_word' id='word_1_278' title='bbox 415 2399 449 2420; x_wconf 84' lang='grc' dir='ltr'><strong>κ.</strong></span> <span class='ocrx_word' id='word_1_279' title='bbox 473 2384 535 2420; x_wconf 75' lang='grc' dir='ltr'><strong>διοέ</strong></span> <span class='ocrx_word' id='word_1_280' title='bbox 560 2389 673 2422; x_wconf 74' lang='grc' dir='ltr'><strong><em>τοῦτο</em></strong></span> <span class='ocrx_word' id='word_1_281' title='bbox 697 2383 914 2431; x_wconf 74' lang='grc' dir='ltr'><strong><em>γνωριζομέ-</em></strong></span> 
     </span>
     <span class='ocr_line' id='line_1_49' title="bbox 100 2431 914 2476; baseline 0 -10"><span class='ocrx_word' id='word_1_282' title='bbox 100 2444 182 2473; x_wconf 84' lang='grc' dir='ltr'><strong><em>νοις</em></strong></span> <span class='ocrx_word' id='word_1_283' title='bbox 216 2431 335 2475; x_wconf 84' lang='lat' dir='ltr'><strong>(quasi</strong></span> <span class='ocrx_word' id='word_1_284' title='bbox 366 2436 466 2465; x_wconf 89' lang='lat' dir='ltr'><strong>notus</strong></span> <span class='ocrx_word' id='word_1_285' title='bbox 499 2439 591 2468; x_wconf 81' lang='lat' dir='ltr'><strong>esset</strong></span> <span class='ocrx_word' id='word_1_286' title='bbox 622 2434 709 2468; x_wconf 83' lang='lat' dir='ltr'><strong>situs</strong></span> <span class='ocrx_word' id='word_1_287' title='bbox 745 2433 914 2476; x_wconf 85' lang='lat' dir='ltr'><strong>Aeoliae),</strong></span> 
     </span>
     <span class='ocr_line' id='line_1_50' title="bbox 102 2474 912 2536; baseline -0.001 -22"><span class='ocrx_word' id='word_1_288' title='bbox 102 2474 189 2514; x_wconf 81' lang='grc' dir='ltr'><strong>κατ’</strong></span> <span class='ocrx_word' id='word_1_289' title='bbox 215 2476 350 2518; x_wconf 77' lang='grc' dir='ltr'><strong><em>ἄλλους</em></strong></span> <span class='ocrx_word' id='word_1_290' title='bbox 374 2475 415 2513; x_wconf 79' lang='grc' dir='ltr'><strong>δε</strong></span> <span class='ocrx_word' id='word_1_291' title='bbox 435 2477 578 2522; x_wconf 78' lang='grc' dir='ltr'><strong><em>φράσαι</em></strong></span> <span class='ocrx_word' id='word_1_292' title='bbox 596 2477 619 2524; x_wconf 86' lang='grc' dir='ltr'><em>ἡ</em></span> <span class='ocrx_word' id='word_1_293' title='bbox 637 2478 912 2536; x_wconf 78' lang='grc' dir='ltr'><strong><em>προσπλεομένη</em></strong></span> 
     </span>
     <span class='ocr_line' id='line_1_51' title="bbox 104 2521 912 2584; baseline -0.001 -24"><span class='ocrx_word' id='word_1_294' title='bbox 104 2521 177 2560; x_wconf 83' lang='grc' dir='ltr'><strong>νπ’</strong></span> <span class='ocrx_word' id='word_1_295' title='bbox 197 2522 424 2567; x_wconf 75' lang='grc' dir='ltr'><strong><em>ἀνθρώπων.</em></strong></span> <span class='ocrx_word' id='word_1_296' title='bbox 449 2525 553 2581; x_wconf 49' lang='lat' dir='ltr'><strong>(Apa</strong></span> <span class='ocrx_word' id='word_1_297' title='bbox 578 2528 714 2584; x_wconf 75' lang='grc' dir='ltr'>πλωτῇ.</span> <span class='ocrx_word' id='word_1_298' title='bbox 738 2525 828 2571; x_wconf 76' lang='grc' dir='ltr'><strong><em>λέγει</em></strong></span> <span class='ocrx_word' id='word_1_299' title='bbox 846 2538 912 2568; x_wconf 85' lang='grc' dir='ltr'><strong><em>μεν</em></strong></span> 
     </span>
     <span class='ocr_line' id='line_1_52' title="bbox 104 2570 913 2625; baseline -0.001 -18"><span class='ocrx_word' id='word_1_300' title='bbox 104 2570 165 2607; x_wconf 80' lang='grc' dir='ltr'><strong><em>ἐπὶ</em></strong></span> <span class='ocrx_word' id='word_1_301' title='bbox 189 2571 256 2625; x_wconf 81' lang='grc' dir='ltr'><strong>τῆς</strong></span> <span class='ocrx_word' id='word_1_302' title='bbox 279 2570 414 2606; x_wconf 72' lang='grc' dir='ltr'><strong><em>Αἰόλου</em></strong></span> <span class='ocrx_word' id='word_1_303' title='bbox 437 2570 568 2614; x_wconf 85' lang='grc' dir='ltr'><strong><em>νήσου.</em></strong></span> <span class='ocrx_word' id='word_1_304' title='bbox 616 2571 636 2609; x_wconf 85' lang='grc' dir='ltr'>ὁ</span> <span class='ocrx_word' id='word_1_305' title='bbox 661 2573 787 2616; x_wconf 86' lang='grc' dir='ltr'><strong><em>μέντοι</em></strong></span> <span class='ocrx_word' id='word_1_306' title='bbox 811 2570 913 2615; x_wconf 80' lang='grc' dir='ltr'><strong><em>Κρά-</em></strong></span> 
     </span>
     <span class='ocr_line' id='line_1_53' title="bbox 105 2614 914 2676; baseline 0.004 -24"><span class='ocrx_word' id='word_1_307' title='bbox 105 2629 171 2662; x_wconf 82' lang='grc' dir='ltr'><strong>της</strong></span> <span class='ocrx_word' id='word_1_308' title='bbox 196 2614 325 2652; x_wconf 73' lang='grc' dir='ltr'><strong><em>ἀκούει</em></strong></span> <span class='ocrx_word' id='word_1_309' title='bbox 349 2616 547 2664; x_wconf 81' lang='grc' dir='ltr'><strong><em>πλεομένῃ,</em></strong></span> <span class='ocrx_word' id='word_1_310' title='bbox 581 2616 600 2654; x_wconf 86' lang='grc' dir='ltr'>ὁ</span> <span class='ocrx_word' id='word_1_311' title='bbox 628 2618 667 2654; x_wconf 71' lang='grc' dir='ltr'><strong>δὲ</strong></span> <span class='ocrx_word' id='word_1_312' title='bbox 687 2619 914 2676; x_wconf 79' lang='grc' dir='ltr'><strong><em>Ἀρίσταρχος</em></strong></span> 
     </span>
     <span class='ocr_line' id='line_1_54' title="bbox 107 2662 914 2723; baseline 0.001 -24"><span class='ocrx_word' id='word_1_313' title='bbox 107 2662 306 2708; x_wconf 84' lang='grc' dir='ltr'><strong><em>κινουμένη</em></strong></span> <span class='ocrx_word' id='word_1_314' title='bbox 331 2677 363 2698; x_wconf 90' lang='grc' dir='ltr'><strong>κ.</strong></span> <span class='ocrx_word' id='word_1_315' title='bbox 386 2665 579 2719; x_wconf 76' lang='grc' dir='ltr'><strong><em>πλεούσῃ.)</em></strong></span> <span class='ocrx_word' id='word_1_316' title='bbox 607 2663 635 2723; x_wconf 80' lang='grc' dir='ltr'>ἢ</span> <span class='ocrx_word' id='word_1_317' title='bbox 661 2665 776 2708; x_wconf 81' lang='grc' dir='ltr'><em>ἄλλως</em></span> <span class='ocrx_word' id='word_1_318' title='bbox 800 2664 822 2711; x_wconf 86' lang='grc' dir='ltr'><em>ἢ</em></span> <span class='ocrx_word' id='word_1_319' title='bbox 851 2678 914 2700; x_wconf 83' lang='grc' dir='ltr'><strong><em>πε-</em></strong></span> 
     </span>
     <span class='ocr_line' id='line_1_55' title="bbox 108 2709 914 2768; baseline 0.004 -25"><span class='ocrx_word' id='word_1_320' title='bbox 108 2709 327 2768; x_wconf 75' lang='grc' dir='ltr'><strong><em>ριπλεομένη</em></strong></span> <span class='ocrx_word' id='word_1_321' title='bbox 352 2709 488 2768; x_wconf 77' lang='grc' dir='ltr'>κυκλῳ,</span> <span class='ocrx_word' id='word_1_322' title='bbox 509 2726 541 2746; x_wconf 86' lang='grc' dir='ltr'><strong>κ.</strong></span> <span class='ocrx_word' id='word_1_323' title='bbox 566 2711 617 2756; x_wconf 76' lang='grc' dir='ltr'><em>μή</em></span> <span class='ocrx_word' id='word_1_324' title='bbox 641 2712 736 2748; x_wconf 65' lang='lat' dir='ltr'><strong>nocto}</strong></span> <span class='ocrx_word' id='word_1_325' title='bbox 761 2712 825 2754; x_wconf 78' lang='grc' dir='ltr'><strong>τὰς</strong></span> <span class='ocrx_word' id='word_1_326' title='bbox 851 2710 914 2747; x_wconf 78' lang='grc' dir='ltr'><strong>ἅλ-</strong></span> 
     </span>
     <span class='ocr_line' id='line_1_56' title="bbox 110 2753 916 2815; baseline 0.005 -26"><span class='ocrx_word' id='word_1_327' title='bbox 110 2759 174 2796; x_wconf 63' lang='lat' dir='ltr'><strong>aas</strong></span> <span class='ocrx_word' id='word_1_328' title='bbox 199 2753 296 2790; x_wconf 77' lang='grc' dir='ltr'><strong><em>οὖσα</em></strong></span> <span class='ocrx_word' id='word_1_329' title='bbox 313 2756 451 2813; x_wconf 74' lang='grc' dir='ltr'><strong><em>πλήρης</em></strong></span> <span class='ocrx_word' id='word_1_330' title='bbox 468 2756 636 2815; x_wconf 81' lang='grc' dir='ltr'><strong><em>ὑφαλων</em></strong></span> <span class='ocrx_word' id='word_1_331' title='bbox 643 2774 798 2804; x_wconf 80' lang='grc' dir='ltr'><strong><em>πετρων,</em></strong></span> <span class='ocrx_word' id='word_1_332' title='bbox 826 2759 916 2802; x_wconf 90' lang='grc' dir='ltr'><strong><em>Ἀρί-</em></strong></span> 
     </span>
     <span class='ocr_line' id='line_1_57' title="bbox 111 2800 916 2851; baseline 0.009 -16"><span class='ocrx_word' id='word_1_333' title='bbox 111 2814 266 2847; x_wconf 84' lang='grc' dir='ltr'><strong><em>σταρχος</em></strong></span> <span class='ocrx_word' id='word_1_334' title='bbox 289 2800 350 2844; x_wconf 75' lang='grc' dir='ltr'><strong>δὲ,</strong></span> <span class='ocrx_word' id='word_1_335' title='bbox 375 2804 489 2848; x_wconf 77' lang='grc' dir='ltr'>φασὶ,</span> <span class='ocrx_word' id='word_1_336' title='bbox 512 2803 661 2851; x_wconf 81' lang='grc' dir='ltr'><strong><em>πλωτην</em></strong></span> <span class='ocrx_word' id='word_1_337' title='bbox 683 2807 775 2848; x_wconf 75' lang='grc' dir='ltr'><strong><em>λέγει</em></strong></span> <span class='ocrx_word' id='word_1_338' title='bbox 800 2819 916 2850; x_wconf 86' lang='grc' dir='ltr'><strong><em>φορη-</em></strong></span> 
     </span>
     <span class='ocr_line' id='line_1_58' title="bbox 112 2846 919 2907; baseline 0.004 -24"><span class='ocrx_word' id='word_1_339' title='bbox 112 2848 182 2893; x_wconf 82' lang='grc' dir='ltr'><strong><em>τὴν</em></strong></span> <span class='ocrx_word' id='word_1_340' title='bbox 204 2860 236 2882; x_wconf 83' lang='grc' dir='ltr'>κ.</span> <span class='ocrx_word' id='word_1_341' title='bbox 262 2846 344 2884; x_wconf 72' lang='grc' dir='ltr'><strong>οἶοι</strong></span> <span class='ocrx_word' id='word_1_342' title='bbox 343 2852 687 2907; x_wconf 77' lang='grc' dir='ltr'><strong><em>παραφερομὲνηυ,</em></strong></span> <span class='ocrx_word' id='word_1_343' title='bbox 710 2852 734 2899; x_wconf 81' lang='grc' dir='ltr'><em>ἢ</em></span> <span class='ocrx_word' id='word_1_344' title='bbox 754 2854 919 2897; x_wconf 82' lang='grc' dir='ltr'><strong><em>συνεχειόι</em></strong></span> 
     </span>
     <span class='ocr_line' id='line_1_59' title="bbox 115 2891 900 2944; baseline 0.011 -16"><span class='ocrx_word' id='word_1_345' title='bbox 115 2894 293 2937; x_wconf 76' lang='grc' dir='ltr'><strong><em>σεισμῶν,</em></strong></span> <span class='ocrx_word' id='word_1_346' title='bbox 326 2891 349 2939; x_wconf 79' lang='grc' dir='ltr'><em>ἢ</em></span> <span class='ocrx_word' id='word_1_347' title='bbox 383 2895 498 2937; x_wconf 79' lang='grc' dir='ltr'><strong><em>ἄλλως</em></strong></span> <span class='ocrx_word' id='word_1_348' title='bbox 529 2896 728 2944; x_wconf 77' lang='grc' dir='ltr'><strong><em>ὁπωσοῦν,</em></strong></span> <span class='ocrx_word' id='word_1_349' title='bbox 759 2914 808 2942; x_wconf 84' lang='grc' dir='ltr'><strong>ως</strong></span> <span class='ocrx_word' id='word_1_350' title='bbox 831 2912 900 2935; x_wconf 81' lang='grc' dir='ltr'><strong>ποτ</strong></span> 
     </span>
     <span class='ocr_line' id='line_1_60' title="bbox 117 2938 920 2996; baseline 0.009 -23"><span class='ocrx_word' id='word_1_351' title='bbox 117 2939 204 2996; x_wconf 59' lang='grc' dir='ltr'><strong><em>μὲν,</em></strong></span> <span class='ocrx_word' id='word_1_352' title='bbox 208 2938 246 2974; x_wconf 83' lang='grc' dir='ltr'><strong><em>ἐν</em></strong></span> <span class='ocrx_word' id='word_1_353' title='bbox 269 2941 403 2984; x_wconf 76' lang='grc' dir='ltr'><strong><em>δεξιοῖς</em></strong></span> <span class='ocrx_word' id='word_1_354' title='bbox 419 2942 586 2985; x_wconf 76' lang='grc' dir='ltr'><strong><em>ὁρᾶσθαι</em></strong></span> <span class='ocrx_word' id='word_1_355' title='bbox 607 2947 743 2991; x_wconf 80' lang='grc' dir='ltr'><strong><em>μέρεσι,</em></strong></span> <span class='ocrx_word' id='word_1_356' title='bbox 766 2959 855 2981; x_wconf 80' lang='grc' dir='ltr'><strong><em>ποτε</em></strong></span> <span class='ocrx_word' id='word_1_357' title='bbox 879 2944 920 2980; x_wconf 80' lang='grc' dir='ltr'><strong>δὲ</strong></span> 
     </span>
     <span class='ocr_line' id='line_1_61' title="bbox 117 2983 922 3038; baseline -0.006 -6"><span class='ocrx_word' id='word_1_358' title='bbox 117 2985 158 3022; x_wconf 64' lang='grc' dir='ltr'><strong>ἐν</strong></span> <span class='ocrx_word' id='word_1_359' title='bbox 182 2983 403 3033; x_wconf 67' lang='grc' dir='ltr'><strong><em>ἄρισῖὲρθῖς·</em></strong></span> <span class='ocrx_word' id='word_1_360' title='bbox 437 2989 572 3028; x_wconf 82' lang='grc' dir='ltr'><strong><em>ὁποῖον</em></strong></span> <span class='ocrx_word' id='word_1_361' title='bbox 603 2992 651 3038; x_wconf 83' lang='grc' dir='ltr'><strong>δή</strong></span> <span class='ocrx_word' id='word_1_362' title='bbox 685 3008 720 3029; x_wconf 84' lang='grc' dir='ltr'><strong>τι</strong></span> <span class='ocrx_word' id='word_1_363' title='bbox 749 2993 810 3029; x_wconf 83' lang='grc' dir='ltr'><strong>καὶ</strong></span> <span class='ocrx_word' id='word_1_364' title='bbox 837 2991 922 3037; x_wconf 78' lang='grc' dir='ltr'><strong><em>περὶ</em></strong></span> 
     </span>
    </p>
   </div>
   <div class='ocr_carea' id='block_1_5' title="bbox 715 117 1117 161">
    <p class='ocr_par' dir='ltr' id='par_1_5' title="bbox 715 117 1117 161">
     <span class='ocr_line' id='line_1_62' title="bbox 715 117 1117 161; baseline -0.007 0"><span class='ocrx_word' id='word_1_365' title='bbox 715 117 1117 161; x_wconf 70' lang='grc' dir='ltr'><em>ΟΜΗΡΟΥ</em></span> 
     </span>
    </p>
   </div>
   <div class='ocr_carea' id='block_1_6' title="bbox 946 225 1788 3034">
    <p class='ocr_par' dir='ltr' id='par_1_6' title="bbox 946 225 1788 3034">
     <span class='ocr_line' id='line_1_63' title="bbox 948 225 1752 272; baseline -0.001 -11"><span class='ocrx_word' id='word_1_366' title='bbox 948 226 1075 272; x_wconf 82' lang='grc' dir='ltr'><strong><em>Δήλου</em></strong></span> <span class='ocrx_word' id='word_1_367' title='bbox 1103 225 1304 270; x_wconf 75' lang='grc' dir='ltr'><strong>ἱστόρηται.</strong></span> <span class='ocrx_word' id='word_1_368' title='bbox 1324 244 1368 249; x_wconf 89' lang='lat'><strong>—-</strong></span> <span class='ocrx_word' id='word_1_369' title='bbox 1393 228 1548 269; x_wconf 76' lang='lat' dir='ltr'><strong>argutam</strong></span> <span class='ocrx_word' id='word_1_370' title='bbox 1574 227 1752 260; x_wconf 88' lang='lat' dir='ltr'><strong>nonnullo—</strong></span> 
     </span>
     <span class='ocr_line' id='line_1_64' title="bbox 946 252 1752 328; baseline 0.001 -21"><span class='ocrx_word' id='word_1_371' title='bbox 946 285 1020 307; x_wconf 82' lang='lat' dir='ltr'><strong>rum</strong></span> <span class='ocrx_word' id='word_1_372' title='bbox 1044 273 1289 306; x_wconf 84' lang='lat' dir='ltr'><strong>dubitationem</strong></span> <span class='ocrx_word' id='word_1_373' title='bbox 1314 271 1428 315; x_wconf 86' lang='lat' dir='ltr'><strong>lepide</strong></span> <span class='ocrx_word' id='word_1_374' title='bbox 1434 252 1610 328; x_wconf 33' lang='lat' dir='ltr'><strong>&amp;expellih</strong></span> <span class='ocrx_word' id='word_1_375' title='bbox 1634 272 1752 317; x_wconf 70' lang='grc' dir='ltr'><strong><em>ἕτεροι</em></strong></span> 
     </span>
     <span class='ocr_line' id='line_1_65' title="bbox 948 315 1750 374; baseline -0.001 -20"><span class='ocrx_word' id='word_1_376' title='bbox 948 319 988 354; x_wconf 79' lang='grc' dir='ltr'><strong>δέ</strong></span> <span class='ocrx_word' id='word_1_377' title='bbox 1022 330 1159 362; x_wconf 80' lang='grc' dir='ltr'><strong><em>φασιν,</em></strong></span> <span class='ocrx_word' id='word_1_378' title='bbox 1193 316 1266 359; x_wconf 78' lang='grc' dir='ltr'><strong>ὠς,</strong></span> <span class='ocrx_word' id='word_1_379' title='bbox 1302 321 1402 359; x_wconf 65' lang='lat' dir='ltr'><strong>simo</strong></span> <span class='ocrx_word' id='word_1_380' title='bbox 1433 315 1576 352; x_wconf 77' lang='grc' dir='ltr'><strong><em>ἐπέπλει</em></strong></span> <span class='ocrx_word' id='word_1_381' title='bbox 1581 319 1651 374; x_wconf 85' lang='grc' dir='ltr'><strong>τῇ</strong></span> <span class='ocrx_word' id='word_1_382' title='bbox 1674 322 1750 353; x_wconf 78' lang='grc' dir='ltr'><strong><em>θοι-</em></strong></span> 
     </span>
     <span class='ocr_line' id='line_1_66' title="bbox 947 363 1751 420; baseline 0 -21"><span class='ocrx_word' id='word_1_383' title='bbox 947 364 1080 420; x_wconf 72' lang='grc' dir='ltr'><strong><em>λάσσῃ,</em></strong></span> <span class='ocrx_word' id='word_1_384' title='bbox 1115 378 1183 399; x_wconf 77' lang='grc' dir='ltr'><strong>ουκ</strong></span> <span class='ocrx_word' id='word_1_385' title='bbox 1214 363 1261 399; x_wconf 74' lang='grc' dir='ltr'><strong><em>ἂν</em></strong></span> <span class='ocrx_word' id='word_1_386' title='bbox 1285 365 1336 403; x_wconf 83' lang='grc' dir='ltr'><strong>εις</strong></span> <span class='ocrx_word' id='word_1_387' title='bbox 1361 364 1531 406; x_wconf 76' lang='grc' dir='ltr'><strong><em>δεύτερον</em></strong></span> <span class='ocrx_word' id='word_1_388' title='bbox 1555 377 1658 407; x_wconf 74' lang='grc' dir='ltr'><strong><em>ευρεν</em></strong></span> <span class='ocrx_word' id='word_1_389' title='bbox 1681 363 1751 399; x_wconf 74' lang='grc' dir='ltr'><em>αὔ·-</em></span> 
     </span>
     <span class='ocr_line' id='line_1_67' title="bbox 946 408 1749 464; baseline -0.003 -18"><span class='ocrx_word' id='word_1_390' title='bbox 946 409 1014 455; x_wconf 81' lang='grc' dir='ltr'><strong>τήυ</strong></span> <span class='ocrx_word' id='word_1_391' title='bbox 1033 412 1051 446; x_wconf 90' lang='grc' dir='ltr'>ὁ</span> <span class='ocrx_word' id='word_1_392' title='bbox 1068 409 1158 450; x_wconf 85' lang='grc' dir='ltr'>Οδ.,</span> <span class='ocrx_word' id='word_1_393' title='bbox 1183 411 1413 458; x_wconf 79' lang='grc' dir='ltr'><strong><em>παλίμπλους</em></strong></span> <span class='ocrx_word' id='word_1_394' title='bbox 1433 412 1484 451; x_wconf 76' lang='grc' dir='ltr'><strong>εἰς</strong></span> <span class='ocrx_word' id='word_1_395' title='bbox 1505 408 1622 464; x_wconf 78' lang='grc' dir='ltr'><strong><em>αὐτὴν</em></strong></span> <span class='ocrx_word' id='word_1_396' title='bbox 1642 410 1749 445; x_wconf 78' lang='grc' dir='ltr'><strong><em>ἐπαν-</em></strong></span> 
     </span>
     <span class='ocr_line' id='line_1_68' title="bbox 947 453 1750 512; baseline -0.001 -19"><span class='ocrx_word' id='word_1_397' title='bbox 947 457 1080 493; x_wconf 66' lang='grc' dir='ltr'>εἉθών.</span> <span class='ocrx_word' id='word_1_398' title='bbox 1122 457 1267 512; x_wconf 82' lang='grc' dir='ltr'><strong><em>λέγουσι</em></strong></span> <span class='ocrx_word' id='word_1_399' title='bbox 1302 455 1341 490; x_wconf 69' lang='grc' dir='ltr'><strong>δὲ</strong></span> <span class='ocrx_word' id='word_1_400' title='bbox 1368 470 1473 491; x_wconf 85' lang='grc' dir='ltr'><strong><em>ουτοι</em></strong></span> <span class='ocrx_word' id='word_1_401' title='bbox 1498 453 1545 490; x_wconf 91' lang='grc' dir='ltr'><strong>ου’</strong></span> <span class='ocrx_word' id='word_1_402' title='bbox 1569 454 1667 490; x_wconf 83' lang='grc' dir='ltr'><strong><em>πάνυ</em></strong></span> <span class='ocrx_word' id='word_1_403' title='bbox 1692 454 1750 492; x_wconf 77' lang='grc' dir='ltr'><strong>εὖ·</strong></span> 
     </span>
     <span class='ocr_line' id='line_1_69' title="bbox 947 497 1753 558; baseline -0.001 -21"><span class='ocrx_word' id='word_1_404' title='bbox 947 504 1063 546; x_wconf 79' lang='grc' dir='ltr'>φυώς.</span> <span class='ocrx_word' id='word_1_405' title='bbox 1107 505 1142 538; x_wconf 75' lang='grc' dir='ltr'><strong>εἰ</strong></span> <span class='ocrx_word' id='word_1_406' title='bbox 1162 517 1230 546; x_wconf 80' lang='grc' dir='ltr'><strong>γαρ</strong></span> <span class='ocrx_word' id='word_1_407' title='bbox 1254 502 1316 537; x_wconf 81' lang='grc' dir='ltr'><strong>καὶ</strong></span> <span class='ocrx_word' id='word_1_408' title='bbox 1341 502 1465 558; x_wconf 83' lang='grc' dir='ltr'><strong><em>πλωτὴ</em></strong></span> <span class='ocrx_word' id='word_1_409' title='bbox 1498 497 1545 546; x_wconf 81' lang='grc' dir='ltr'><strong><em>ἧν</em></strong></span> <span class='ocrx_word' id='word_1_410' title='bbox 1576 498 1599 545; x_wconf 85' lang='grc' dir='ltr'><em>ἦ</em></span> <span class='ocrx_word' id='word_1_411' title='bbox 1630 503 1753 546; x_wconf 83' lang='grc' dir='ltr'><strong><em>νῆσος,</em></strong></span> 
     </span>
     <span class='ocr_line' id='line_1_70' title="bbox 947 548 1752 605; baseline -0.004 -20"><span class='ocrx_word' id='word_1_412' title='bbox 947 548 1028 585; x_wconf 68' lang='grc' dir='ltr'><strong>ἀλλ’</strong></span> <span class='ocrx_word' id='word_1_413' title='bbox 1074 549 1110 584; x_wconf 94' lang='grc' dir='ltr'><strong>οι</strong></span> <span class='ocrx_word' id='word_1_414' title='bbox 1144 549 1293 592; x_wconf 80' lang='grc' dir='ltr'><strong><em>ἄνεμοι,</em></strong></span> <span class='ocrx_word' id='word_1_415' title='bbox 1323 561 1397 605; x_wconf 52' lang='grc' dir='ltr'><strong>,ως</strong></span> <span class='ocrx_word' id='word_1_416' title='bbox 1434 550 1502 587; x_wconf 80' lang='grc' dir='ltr'><strong>εἰς</strong></span> <span class='ocrx_word' id='word_1_417' title='bbox 1542 550 1752 589; x_wconf 80' lang='grc' dir='ltr'><strong><em>πατρίδα</em></strong></span> 
     </span>
     <span class='ocr_line' id='line_1_71' title="bbox 947 592 1752 637; baseline -0.004 -6"><span class='ocrx_word' id='word_1_418' title='bbox 947 593 1230 636; x_wconf 76' lang='grc' dir='ltr'><strong><em>ἐπανιόντες</em></strong></span> <span class='ocrx_word' id='word_1_419' title='bbox 1277 592 1427 637; x_wconf 72' lang='grc' dir='ltr'><strong><em>αὐτὴν</em></strong></span> <span class='ocrx_word' id='word_1_420' title='bbox 1477 592 1573 628; x_wconf 70' lang='grc' dir='ltr'><strong>κατά</strong></span> <span class='ocrx_word' id='word_1_421' title='bbox 1612 595 1752 636; x_wconf 80' lang='grc' dir='ltr'><strong><em>μῦθον,</em></strong></span> 
     </span>
     <span class='ocr_line' id='line_1_72' title="bbox 948 637 1755 698; baseline -0.004 -21"><span class='ocrx_word' id='word_1_422' title='bbox 948 640 1208 698; x_wconf 78' lang='grc' dir='ltr'><strong><em>συναπὴγαγον</em></strong></span> <span class='ocrx_word' id='word_1_423' title='bbox 1233 641 1404 698; x_wconf 53' lang='grc' dir='ltr'><strong><em>πιθανοῖς</em></strong></span> <span class='ocrx_word' id='word_1_424' title='bbox 1429 653 1461 675; x_wconf 89' lang='grc' dir='ltr'><strong>κ.</strong></span> <span class='ocrx_word' id='word_1_425' title='bbox 1485 639 1550 675; x_wconf 87' lang='grc' dir='ltr'><strong><em>τὸν</em></strong></span> <span class='ocrx_word' id='word_1_426' title='bbox 1573 637 1755 676; x_wconf 79' lang='grc' dir='ltr'><strong><em>Ὀδυσσέα</em></strong></span> 
     </span>
     <span class='ocr_line' id='line_1_73' title="bbox 947 684 1755 732; baseline -0.005 -8"><span class='ocrx_word' id='word_1_427' title='bbox 947 685 1043 724; x_wconf 77' lang='grc' dir='ltr'><strong><em>ὅπου</em></strong></span> <span class='ocrx_word' id='word_1_428' title='bbox 1079 700 1145 732; x_wconf 80' lang='grc' dir='ltr'><strong><em>περ</em></strong></span> <span class='ocrx_word' id='word_1_429' title='bbox 1181 684 1226 722; x_wconf 71' lang='grc' dir='ltr'><strong><em>ἂν</em></strong></span> <span class='ocrx_word' id='word_1_430' title='bbox 1261 686 1325 722; x_wconf 87' lang='grc' dir='ltr'><strong>καὶ</strong></span> <span class='ocrx_word' id='word_1_431' title='bbox 1353 687 1401 730; x_wconf 86' lang='grc' dir='ltr'><strong><em>ἠν</em></strong></span> <span class='ocrx_word' id='word_1_432' title='bbox 1439 685 1755 729; x_wconf 81' lang='grc' dir='ltr'><strong><em>παρεκπλευσασα.</em></strong></span> 
     </span>
     <span class='ocr_line' id='line_1_74' title="bbox 949 731 1756 779; baseline -0.002 -10"><span class='ocrx_word' id='word_1_433' title='bbox 949 737 1015 779; x_wconf 76' lang='lat' dir='ltr'><strong>(ci.</strong></span> <span class='ocrx_word' id='word_1_434' title='bbox 1041 747 1116 769; x_wconf 90' lang='grc'><strong>31111.</strong></span> <span class='ocrx_word' id='word_1_435' title='bbox 1142 734 1185 768; x_wconf 83' lang='grc'><strong>3(1</strong></span> <span class='ocrx_word' id='word_1_436' title='bbox 1204 734 1281 777; x_wconf 81' lang='lat'>55.)</span> <span class='ocrx_word' id='word_1_437' title='bbox 1314 731 1444 767; x_wconf 82' lang='grc' dir='ltr'><strong><em>καινὸν</em></strong></span> <span class='ocrx_word' id='word_1_438' title='bbox 1470 732 1510 768; x_wconf 77' lang='grc' dir='ltr'><strong>δὲ</strong></span> <span class='ocrx_word' id='word_1_439' title='bbox 1530 731 1652 776; x_wconf 59' lang='lat' dir='ltr'><strong>odem,</strong></span> <span class='ocrx_word' id='word_1_440' title='bbox 1678 746 1756 767; x_wconf 79' lang='grc' dir='ltr'><strong><em>τοι·</em></strong></span> 
     </span>
     <span class='ocr_line' id='line_1_75' title="bbox 951 777 1755 823; baseline -0.005 -7"><span class='ocrx_word' id='word_1_441' title='bbox 951 780 1064 817; x_wconf 85' lang='grc' dir='ltr'><strong><em>οὗτόν</em></strong></span> <span class='ocrx_word' id='word_1_442' title='bbox 1097 794 1132 815; x_wconf 85' lang='grc' dir='ltr'><strong>τι</strong></span> <span class='ocrx_word' id='word_1_443' title='bbox 1163 795 1196 815; x_wconf 80' lang='grc' dir='ltr'>κ.</span> <span class='ocrx_word' id='word_1_444' title='bbox 1228 780 1294 814; x_wconf 75' lang='grc' dir='ltr'><strong><em>τόν</em></strong></span> <span class='ocrx_word' id='word_1_445' title='bbox 1324 777 1484 823; x_wconf 80' lang='grc' dir='ltr'><strong><em>ποιητήν</em></strong></span> <span class='ocrx_word' id='word_1_446' title='bbox 1517 780 1650 820; x_wconf 79' lang='grc' dir='ltr'><strong><em>εἰπεῖν,</em></strong></span> <span class='ocrx_word' id='word_1_447' title='bbox 1684 779 1755 823; x_wconf 79' lang='grc' dir='ltr'><em>εἴγε</em></span> 
     </span>
     <span class='ocr_line' id='line_1_76' title="bbox 981 824 1756 880; baseline -0.004 -17"><span class='ocrx_word' id='word_1_448' title='bbox 981 829 1038 871; x_wconf 76' lang='grc' dir='ltr'><strong>ερὶ</strong></span> <span class='ocrx_word' id='word_1_449' title='bbox 1071 827 1139 870; x_wconf 82' lang='grc' dir='ltr'><strong><em>τήν</em></strong></span> <span class='ocrx_word' id='word_1_450' title='bbox 1169 827 1331 876; x_wconf 83' lang='grc' dir='ltr'><strong><em>Λιβύην</em></strong></span> <span class='ocrx_word' id='word_1_451' title='bbox 1347 825 1383 861; x_wconf 70' lang='grc' dir='ltr'><strong>ἔτ</strong></span> <span class='ocrx_word' id='word_1_452' title='bbox 1369 838 1470 880; x_wconf 79' lang='grc' dir='ltr'><strong><em>ιεροι</em></strong></span> <span class='ocrx_word' id='word_1_453' title='bbox 1495 824 1756 868; x_wconf 79' lang='grc' dir='ltr'><strong><em>τερατεύονται</em></strong></span> 
     </span>
     <span class='ocr_line' id='line_1_77' title="bbox 946 842 1756 916; baseline -0.002 -8"><span class='ocrx_word' id='word_1_454' title='bbox 946 842 1142 909; x_wconf 55' lang='lat' dir='ltr'><strong>{rtovv&#39;oov</strong></span> <span class='ocrx_word' id='word_1_455' title='bbox 1165 874 1272 908; x_wconf 79' lang='grc' dir='ltr'><strong><em>πόλιν</em></strong></span> <span class='ocrx_word' id='word_1_456' title='bbox 1296 877 1412 913; x_wconf 74' lang='grc' dir='ltr'><strong><em>εἰναι,</em></strong></span> <span class='ocrx_word' id='word_1_457' title='bbox 1446 867 1493 916; x_wconf 73' lang='grc' dir='ltr'><strong><em>ἣν</em></strong></span> <span class='ocrx_word' id='word_1_458' title='bbox 1525 870 1593 907; x_wconf 81' lang='grc' dir='ltr'><strong>οὐκ</strong></span> <span class='ocrx_word' id='word_1_459' title='bbox 1616 871 1756 916; x_wconf 78' lang='grc' dir='ltr'><strong><em>ἐνδέχε-</em></strong></span> 
     </span>
     <span class='ocr_line' id='line_1_78' title="bbox 950 915 1755 962; baseline -0.004 -7"><span class='ocrx_word' id='word_1_460' title='bbox 950 935 984 955; x_wconf 84' lang='grc' dir='ltr'><em>τ</em></span> <span class='ocrx_word' id='word_1_461' title='bbox 985 935 1010 954; x_wconf 75' lang='lat' dir='ltr'><em>n</em></span> <span class='ocrx_word' id='word_1_462' title='bbox 1045 920 1102 960; x_wconf 83' lang='grc' dir='ltr'><strong>δὶς</strong></span> <span class='ocrx_word' id='word_1_463' title='bbox 1134 918 1200 955; x_wconf 79' lang='grc' dir='ltr'><strong><em>τόν</em></strong></span> <span class='ocrx_word' id='word_1_464' title='bbox 1231 918 1346 954; x_wconf 77' lang='grc' dir='ltr'><strong><em>αυτόν</em></strong></span> <span class='ocrx_word' id='word_1_465' title='bbox 1369 917 1548 962; x_wconf 69' lang='grc' dir='ltr'><strong><em>ἐξευρεῖν,</em></strong></span> <span class='ocrx_word' id='word_1_466' title='bbox 1573 915 1622 957; x_wconf 79' lang='grc' dir='ltr'><strong>ὥς</strong></span> <span class='ocrx_word' id='word_1_467' title='bbox 1646 921 1755 960; x_wconf 80' lang='grc' dir='ltr'><strong><em>μεθι-</em></strong></span> 
     </span>
     <span class='ocr_line' id='line_1_79' title="bbox 951 964 1754 1010; baseline -0.005 -8"><span class='ocrx_word' id='word_1_468' title='bbox 951 967 1133 1010; x_wconf 81' lang='grc' dir='ltr'><strong><em>σταμένην</em></strong></span> <span class='ocrx_word' id='word_1_469' title='bbox 1158 971 1224 1001; x_wconf 85' lang='lat' dir='ltr'><strong>etc.</strong></span> <span class='ocrx_word' id='word_1_470' title='bbox 1266 965 1395 999; x_wconf 85' lang='lat' dir='ltr'><strong>Plinius</strong></span> <span class='ocrx_word' id='word_1_471' title='bbox 1419 976 1554 1009; x_wconf 82' lang='lat' dir='ltr'><strong>quoque</strong></span> <span class='ocrx_word' id='word_1_472' title='bbox 1578 965 1623 998; x_wconf 90' lang='lat' dir='ltr'><strong>H.</strong></span> <span class='ocrx_word' id='word_1_473' title='bbox 1649 964 1696 998; x_wconf 89' lang='lat' dir='ltr'><strong>N.</strong></span> <span class='ocrx_word' id='word_1_474' title='bbox 1720 966 1754 1005; x_wconf 85' lang='grc'><strong>2,</strong></span> 
     </span>
     <span class='ocr_line' id='line_1_80' title="bbox 951 1010 1788 1057; baseline -0.004 -12"><span class='ocrx_word' id='word_1_475' title='bbox 951 1013 1161 1049; x_wconf 61' lang='grc'><strong>9511153135</strong></span> <span class='ocrx_word' id='word_1_476' title='bbox 1184 1012 1300 1057; x_wconf 75' lang='lat' dir='ltr'><strong>plures</strong></span> <span class='ocrx_word' id='word_1_477' title='bbox 1324 1022 1457 1054; x_wconf 89' lang='lat' dir='ltr'><strong>semper</strong></span> <span class='ocrx_word' id='word_1_478' title='bbox 1473 1010 1672 1052; x_wconf 62' lang='lat' dir='ltr'><strong>metantes,</strong></span> <span class='ocrx_word' id='word_1_479' title='bbox 1694 1010 1755 1043; x_wconf 87' lang='lat' dir='ltr'><strong>sil-</strong></span> <span class='ocrx_word' id='word_1_480' title='bbox 1786 1021 1788 1023; x_wconf 66' lang='grc'><strong><em>’</em></strong></span> 
     </span>
     <span class='ocr_line' id='line_1_81' title="bbox 951 1058 1756 1102; baseline -0.005 -10"><span class='ocrx_word' id='word_1_481' title='bbox 951 1070 1082 1102; x_wconf 83' lang='lat' dir='ltr'><strong>vasque</strong></span> <span class='ocrx_word' id='word_1_482' title='bbox 1105 1058 1211 1091; x_wconf 92' lang='lat' dir='ltr'><strong>locum</strong></span> <span class='ocrx_word' id='word_1_483' title='bbox 1238 1065 1274 1091; x_wconf 86' lang='lat' dir='ltr'><strong>et</strong></span> <span class='ocrx_word' id='word_1_484' title='bbox 1298 1058 1441 1100; x_wconf 77' lang='lat' dir='ltr'><strong>figuram</strong></span> <span class='ocrx_word' id='word_1_485' title='bbox 1467 1061 1653 1097; x_wconf 83' lang='lat' dir='ltr'><strong>mutantes,</strong></span> <span class='ocrx_word' id='word_1_486' title='bbox 1679 1067 1756 1089; x_wconf 84' lang='lat' dir='ltr'><strong>cum</strong></span> 
     </span>
     <span class='ocr_line' id='line_1_82' title="bbox 951 1102 1756 1149; baseline -0.005 -11"><span class='ocrx_word' id='word_1_487' title='bbox 951 1106 988 1139; x_wconf 86' lang='lat' dir='ltr'><strong>in</strong></span> <span class='ocrx_word' id='word_1_488' title='bbox 1012 1103 1142 1149; x_wconf 84' lang='lat' dir='ltr'><strong>Lydia,</strong></span> <span class='ocrx_word' id='word_1_489' title='bbox 1166 1109 1235 1136; x_wconf 86' lang='lat' dir='ltr'><strong>tum</strong></span> <span class='ocrx_word' id='word_1_490' title='bbox 1259 1104 1295 1136; x_wconf 90' lang='lat' dir='ltr'><strong>in</strong></span> <span class='ocrx_word' id='word_1_491' title='bbox 1318 1104 1396 1146; x_wconf 77' lang='lat' dir='ltr'><strong>ipsa</strong></span> <span class='ocrx_word' id='word_1_492' title='bbox 1419 1102 1531 1144; x_wconf 83' lang='lat' dir='ltr'><strong>Italia,</strong></span> <span class='ocrx_word' id='word_1_493' title='bbox 1556 1114 1756 1135; x_wconf 89' lang='lat' dir='ltr'><strong>commemo—</strong></span> 
     </span>
     <span class='ocr_line' id='line_1_83' title="bbox 950 1148 1754 1189; baseline -0.001 -5"><span class='ocrx_word' id='word_1_494' title='bbox 950 1155 1019 1185; x_wconf 82' lang='lat' dir='ltr'><strong>rat.</strong></span> <span class='ocrx_word' id='word_1_495' title='bbox 1065 1154 1101 1183; x_wconf 77' lang='lat' dir='ltr'><strong>et</strong></span> <span class='ocrx_word' id='word_1_496' title='bbox 1133 1151 1264 1182; x_wconf 85' lang='lat' dir='ltr'><strong>Seneca</strong></span> <span class='ocrx_word' id='word_1_497' title='bbox 1305 1149 1390 1183; x_wconf 77' lang='lat' dir='ltr'><strong>Nat.</strong></span> <span class='ocrx_word' id='word_1_498' title='bbox 1423 1148 1567 1188; x_wconf 83' lang='lat' dir='ltr'><strong>Quaest.</strong></span> <span class='ocrx_word' id='word_1_499' title='bbox 1599 1149 1644 1189; x_wconf 85' lang='lat'><strong>3,</strong></span> <span class='ocrx_word' id='word_1_500' title='bbox 1676 1149 1754 1183; x_wconf 73' lang='lat'><strong>25.-</strong></span> 
     </span>
     <span class='ocr_line' id='line_1_84' title="bbox 955 1173 1759 1235; baseline -0.004 -6"><span class='ocrx_word' id='word_1_501' title='bbox 955 1197 1162 1229; x_wconf 80' lang='lat' dir='ltr'><strong>Cutiliarum</strong></span> <span class='ocrx_word' id='word_1_502' title='bbox 1193 1195 1309 1228; x_wconf 85' lang='lat' dir='ltr'><strong>insula</strong></span> <span class='ocrx_word' id='word_1_503' title='bbox 1333 1199 1366 1235; x_wconf 78' lang='lat' dir='ltr'><strong>et</strong></span> <span class='ocrx_word' id='word_1_504' title='bbox 1390 1194 1527 1227; x_wconf 83' lang='lat' dir='ltr'><strong>arbores</strong></span> <span class='ocrx_word' id='word_1_505' title='bbox 1549 1173 1669 1233; x_wconf 61' lang='lat' dir='ltr'><strong>habel,</strong></span> <span class='ocrx_word' id='word_1_506' title='bbox 1703 1194 1759 1226; x_wconf 88' lang='lat' dir='ltr'><strong>in-</strong></span> 
     </span>
     <span class='ocr_line' id='line_1_85' title="bbox 953 1241 1758 1286; baseline -0.006 -10"><span class='ocrx_word' id='word_1_507' title='bbox 953 1243 1050 1286; x_wconf 82' lang='lat' dir='ltr'><strong>quit,</strong></span> <span class='ocrx_word' id='word_1_508' title='bbox 1075 1247 1109 1276; x_wconf 81' lang='lat' dir='ltr'><strong>ct</strong></span> <span class='ocrx_word' id='word_1_509' title='bbox 1131 1242 1255 1274; x_wconf 80' lang='lat' dir='ltr'><strong>herbas</strong></span> <span class='ocrx_word' id='word_1_510' title='bbox 1278 1241 1411 1279; x_wconf 79' lang='lat' dir='ltr'><strong>nutrit,·</strong></span> <span class='ocrx_word' id='word_1_511' title='bbox 1442 1244 1560 1273; x_wconf 79' lang='lat' dir='ltr'><strong>tamen</strong></span> <span class='ocrx_word' id='word_1_512' title='bbox 1584 1251 1676 1283; x_wconf 84' lang='lat' dir='ltr'><strong>aqua</strong></span> <span class='ocrx_word' id='word_1_513' title='bbox 1699 1251 1758 1272; x_wconf 83' lang='lat' dir='ltr'><strong>su-</strong></span> 
     </span>
     <span class='ocr_line' id='line_1_86' title="bbox 953 1286 1758 1328; baseline -0.004 -7"><span class='ocrx_word' id='word_1_514' title='bbox 953 1289 1119 1328; x_wconf 80' lang='lat' dir='ltr'><strong>stinetur,</strong></span> <span class='ocrx_word' id='word_1_515' title='bbox 1145 1292 1178 1321; x_wconf 82' lang='lat' dir='ltr'><strong>ct</strong></span> <span class='ocrx_word' id='word_1_516' title='bbox 1203 1288 1241 1320; x_wconf 84' lang='lat' dir='ltr'><strong>in</strong></span> <span class='ocrx_word' id='word_1_517' title='bbox 1263 1287 1352 1319; x_wconf 77' lang='lat' dir='ltr'><strong>lmnc</strong></span> <span class='ocrx_word' id='word_1_518' title='bbox 1376 1290 1478 1328; x_wconf 82' lang='lat' dir='ltr'><strong>atque</strong></span> <span class='ocrx_word' id='word_1_519' title='bbox 1500 1286 1599 1318; x_wconf 76' lang='lat' dir='ltr'><strong>illam</strong></span> <span class='ocrx_word' id='word_1_520' title='bbox 1619 1290 1758 1328; x_wconf 82' lang='lat' dir='ltr'><strong>partem</strong></span> 
     </span>
     <span class='ocr_line' id='line_1_87' title="bbox 953 1333 1758 1377; baseline -0.004 -10"><span class='ocrx_word' id='word_1_521' title='bbox 953 1347 1022 1367; x_wconf 75' lang='lat' dir='ltr'><strong>non</strong></span> <span class='ocrx_word' id='word_1_522' title='bbox 1037 1340 1172 1368; x_wconf 81' lang='lat' dir='ltr'><strong>tantum</strong></span> <span class='ocrx_word' id='word_1_523' title='bbox 1183 1339 1284 1367; x_wconf 75' lang='lat' dir='ltr'><strong>vento</strong></span> <span class='ocrx_word' id='word_1_524' title='bbox 1301 1334 1500 1377; x_wconf 77' lang='lat' dir='ltr'><strong>impellitur,</strong></span> <span class='ocrx_word' id='word_1_525' title='bbox 1518 1333 1579 1366; x_wconf 81' lang='lat' dir='ltr'><strong>sed</strong></span> <span class='ocrx_word' id='word_1_526' title='bbox 1596 1337 1629 1365; x_wconf 80' lang='lat' dir='ltr'><strong>et</strong></span> <span class='ocrx_word' id='word_1_527' title='bbox 1647 1343 1758 1373; x_wconf 62' lang='grc' dir='ltr'><strong>(μινυς</strong></span> 
     </span>
     <span class='ocr_line' id='line_1_88' title="bbox 953 1379 1759 1425; baseline -0.005 -11"><span class='ocrx_word' id='word_1_528' title='bbox 953 1393 1015 1414; x_wconf 78' lang='lat' dir='ltr'><strong>neo</strong></span> <span class='ocrx_word' id='word_1_529' title='bbox 1043 1392 1194 1425; x_wconf 81' lang='lat' dir='ltr'><strong>unquam</strong></span> <span class='ocrx_word' id='word_1_530' title='bbox 1217 1381 1270 1413; x_wconf 75' lang='lat' dir='ltr'><strong>illi</strong></span> <span class='ocrx_word' id='word_1_531' title='bbox 1293 1391 1355 1423; x_wconf 83' lang='lat' dir='ltr'><strong>per</strong></span> <span class='ocrx_word' id='word_1_532' title='bbox 1382 1379 1473 1412; x_wconf 80' lang='lat' dir='ltr'><strong>diem</strong></span> <span class='ocrx_word' id='word_1_533' title='bbox 1503 1382 1537 1412; x_wconf 82' lang='lat' dir='ltr'><strong>et</strong></span> <span class='ocrx_word' id='word_1_534' title='bbox 1563 1384 1693 1412; x_wconf 80' lang='lat' dir='ltr'><strong>noctem</strong></span> <span class='ocrx_word' id='word_1_535' title='bbox 1721 1379 1759 1410; x_wconf 84' lang='lat' dir='ltr'><strong>in</strong></span> 
     </span>
     <span class='ocr_line' id='line_1_89' title="bbox 953 1425 1759 1461; baseline -0.005 0"><span class='ocrx_word' id='word_1_536' title='bbox 953 1439 1020 1461; x_wconf 81' lang='lat' dir='ltr'><strong>uno</strong></span> <span class='ocrx_word' id='word_1_537' title='bbox 1053 1427 1124 1460; x_wconf 86' lang='lat' dir='ltr'><strong>loco</strong></span> <span class='ocrx_word' id='word_1_538' title='bbox 1151 1427 1257 1460; x_wconf 76' lang='lat' dir='ltr'><strong>statio</strong></span> <span class='ocrx_word' id='word_1_539' title='bbox 1285 1431 1354 1460; x_wconf 81' lang='lat' dir='ltr'><strong>est·</strong></span> <span class='ocrx_word' id='word_1_540' title='bbox 1392 1425 1480 1458; x_wconf 85' lang='lat' dir='ltr'><strong>adeo</strong></span> <span class='ocrx_word' id='word_1_541' title='bbox 1508 1429 1663 1458; x_wconf 80' lang='lat' dir='ltr'><strong>movetur</strong></span> <span class='ocrx_word' id='word_1_542' title='bbox 1692 1425 1759 1457; x_wconf 80' lang='lat' dir='ltr'><strong>levi</strong></span> 
     </span>
     <span class='ocr_line' id='line_1_90' title="bbox 946 1470 1760 1518; baseline -0.004 -11.97"><span class='ocrx_word' id='word_1_543' title='bbox 946 1477 1052 1518; x_wconf 79' lang='lat' dir='ltr'><strong>flatu.</strong></span> <span class='ocrx_word' id='word_1_544' title='bbox 1089 1473 1164 1516; x_wconf 80' lang='lat' dir='ltr'><strong>ipse</strong></span> <span class='ocrx_word' id='word_1_545' title='bbox 1189 1484 1262 1506; x_wconf 88' lang='lat' dir='ltr'><strong>eam</strong></span> <span class='ocrx_word' id='word_1_546' title='bbox 1281 1472 1422 1506; x_wconf 87' lang='lat' dir='ltr'><strong>insulam</strong></span> <span class='ocrx_word' id='word_1_547' title='bbox 1446 1470 1534 1504; x_wconf 87' lang='lat' dir='ltr'><strong>vidit</strong></span> <span class='ocrx_word' id='word_1_548' title='bbox 1557 1471 1702 1511; x_wconf 85' lang='lat' dir='ltr'><strong>Seneca,</strong></span> <span class='ocrx_word' id='word_1_549' title='bbox 1723 1475 1760 1504; x_wconf 75' lang='lat' dir='ltr'><strong>et</strong></span> 
     </span>
     <span class='ocr_line' id='line_1_91' title="bbox 954 1516 1760 1561; baseline -0.005 -8"><span class='ocrx_word' id='word_1_550' title='bbox 954 1520 1078 1554; x_wconf 83' lang='lat' dir='ltr'><strong>similes</strong></span> <span class='ocrx_word' id='word_1_551' title='bbox 1103 1519 1236 1552; x_wconf 80' lang='lat' dir='ltr'><strong>Hardui</strong></span> <span class='ocrx_word' id='word_1_552' title='bbox 1240 1529 1320 1558; x_wconf 90' lang='lat' dir='ltr'><strong>nus,</strong></span> <span class='ocrx_word' id='word_1_553' title='bbox 1345 1518 1379 1550; x_wconf 88' lang='lat' dir='ltr'><strong>in</strong></span> <span class='ocrx_word' id='word_1_554' title='bbox 1404 1517 1526 1561; x_wconf 87' lang='lat' dir='ltr'><strong>quibus</strong></span> <span class='ocrx_word' id='word_1_555' title='bbox 1550 1516 1700 1560; x_wconf 85' lang='lat' dir='ltr'><strong>pecudes</strong></span> <span class='ocrx_word' id='word_1_556' title='bbox 1724 1521 1760 1550; x_wconf 83' lang='lat' dir='ltr'><strong>et</strong></span> 
     </span>
     <span class='ocr_line' id='line_1_92' title="bbox 955 1563 1760 1618; baseline -0.004 -19"><span class='ocrx_word' id='word_1_557' title='bbox 955 1573 1108 1599; x_wconf 82' lang='lat' dir='ltr'><strong>armenta</strong></span> <span class='ocrx_word' id='word_1_558' title='bbox 1120 1566 1383 1618; x_wconf 85' lang='lat' dir='ltr'><strong>pascebantur,</strong></span> <span class='ocrx_word' id='word_1_559' title='bbox 1414 1564 1458 1596; x_wconf 86' lang='lat' dir='ltr'><strong>ad</strong></span> <span class='ocrx_word' id='word_1_560' title='bbox 1491 1563 1604 1597; x_wconf 86' lang='lat' dir='ltr'><strong>fanum</strong></span> <span class='ocrx_word' id='word_1_561' title='bbox 1628 1563 1665 1596; x_wconf 90' lang='lat' dir='ltr'><strong>S.</strong></span> <span class='ocrx_word' id='word_1_562' title='bbox 1689 1565 1760 1596; x_wconf 90' lang='lat' dir='ltr'><strong>Au-</strong></span> 
     </span>
     <span class='ocr_line' id='line_1_93' title="bbox 953 1608 1759 1653; baseline -0.002 -9"><span class='ocrx_word' id='word_1_563' title='bbox 953 1610 1084 1644; x_wconf 87' lang='lat' dir='ltr'><strong>domari</strong></span> <span class='ocrx_word' id='word_1_564' title='bbox 1119 1609 1154 1644; x_wconf 90' lang='lat' dir='ltr'><strong>in</strong></span> <span class='ocrx_word' id='word_1_565' title='bbox 1188 1610 1331 1653; x_wconf 80' lang='lat' dir='ltr'><strong>Belgio,</strong></span> <span class='ocrx_word' id='word_1_566' title='bbox 1371 1612 1411 1641; x_wconf 80' lang='lat' dir='ltr'><strong>ut</strong></span> <span class='ocrx_word' id='word_1_567' title='bbox 1448 1614 1566 1642; x_wconf 76' lang='lat' dir='ltr'><strong>narrat</strong></span> <span class='ocrx_word' id='word_1_568' title='bbox 1602 1620 1679 1642; x_wconf 86' lang='grc'><strong>3311.</strong></span> <span class='ocrx_word' id='word_1_569' title='bbox 1713 1608 1759 1642; x_wconf 84' lang='lat' dir='ltr'><strong>ad</strong></span> 
     </span>
     <span class='ocr_line' id='line_1_94' title="bbox 952 1655 1760 1703; baseline -0.006 -11"><span class='ocrx_word' id='word_1_570' title='bbox 952 1657 1042 1692; x_wconf 89' lang='lat' dir='ltr'><strong>Plin.</strong></span> <span class='ocrx_word' id='word_1_571' title='bbox 1075 1657 1097 1690; x_wconf 88' lang='lat' dir='ltr'><strong>l.</strong></span> <span class='ocrx_word' id='word_1_572' title='bbox 1124 1669 1153 1692; x_wconf 91' lang='lat' dir='ltr'><strong>c.</strong></span> <span class='ocrx_word' id='word_1_573' title='bbox 1202 1657 1328 1703; x_wconf 88' lang='lat' dir='ltr'><strong>quibus</strong></span> <span class='ocrx_word' id='word_1_574' title='bbox 1352 1660 1464 1688; x_wconf 86' lang='lat' dir='ltr'><strong>tamen</strong></span> <span class='ocrx_word' id='word_1_575' title='bbox 1487 1655 1640 1688; x_wconf 84' lang='lat' dir='ltr'><strong>omnibus</strong></span> <span class='ocrx_word' id='word_1_576' title='bbox 1667 1655 1760 1688; x_wconf 88' lang='lat' dir='ltr'><strong>haud</strong></span> 
     </span>
     <span class='ocr_line' id='line_1_95' title="bbox 954 1699 1759 1757; baseline -0.006 -20"><span class='ocrx_word' id='word_1_577' title='bbox 954 1714 1138 1757; x_wconf 83' lang='lat' dir='ltr'><strong>persuasus</strong></span> <span class='ocrx_word' id='word_1_578' title='bbox 1159 1699 1367 1737; x_wconf 81' lang='lat' dir='ltr'><strong>Montbelius</strong></span> <span class='ocrx_word' id='word_1_579' title='bbox 1387 1701 1472 1734; x_wconf 86' lang='lat' dir='ltr'><strong>haec</strong></span> <span class='ocrx_word' id='word_1_580' title='bbox 1491 1701 1581 1734; x_wconf 89' lang='lat' dir='ltr'><strong>inter</strong></span> <span class='ocrx_word' id='word_1_581' title='bbox 1606 1700 1674 1734; x_wconf 87' lang='lat' dir='ltr'><strong>alia</strong></span> <span class='ocrx_word' id='word_1_582' title='bbox 1697 1700 1759 1733; x_wconf 81' lang='lat' dir='ltr'><strong>ad—</strong></span> 
     </span>
     <span class='ocr_line' id='line_1_96' title="bbox 955 1746 1760 1793; baseline -0.004 -11"><span class='ocrx_word' id='word_1_583' title='bbox 955 1748 1092 1793; x_wconf 88' lang='lat' dir='ltr'><strong>scripsit</strong></span> <span class='ocrx_word' id='word_1_584' title='bbox 1118 1749 1161 1782; x_wconf 82' lang='lat' dir='ltr'><strong>ad</strong></span> <span class='ocrx_word' id='word_1_585' title='bbox 1186 1750 1218 1782; x_wconf 89' lang='lat' dir='ltr'><strong>h.</strong></span> <span class='ocrx_word' id='word_1_586' title='bbox 1240 1749 1288 1781; x_wconf 84' lang='lat' dir='ltr'><strong>l.:</strong></span> <span class='ocrx_word' id='word_1_587' title='bbox 1311 1747 1405 1789; x_wconf 80' lang='lat' dir='ltr'><strong>‚Les</strong></span> <span class='ocrx_word' id='word_1_588' title='bbox 1429 1746 1578 1788; x_wconf 71' lang='grc'><strong>33313115,</strong></span> <span class='ocrx_word' id='word_1_589' title='bbox 1602 1757 1645 1780; x_wconf 87' lang='lat' dir='ltr'><strong>en</strong></span> <span class='ocrx_word' id='word_1_590' title='bbox 1663 1746 1760 1786; x_wconf 69' lang='lat' dir='ltr'><strong>effer,</strong></span> 
     </span>
     <span class='ocr_line' id='line_1_97' title="bbox 956 1792 1763 1839; baseline -0.004 -11"><span class='ocrx_word' id='word_1_591' title='bbox 956 1802 1015 1829; x_wconf 92' lang='lat' dir='ltr'><strong>ont</strong></span> <span class='ocrx_word' id='word_1_592' title='bbox 1040 1795 1208 1839; x_wconf 86' lang='lat' dir='ltr'><strong>plusieurs</strong></span> <span class='ocrx_word' id='word_1_593' title='bbox 1232 1794 1298 1827; x_wconf 86' lang='lat' dir='ltr'><strong>fois</strong></span> <span class='ocrx_word' id='word_1_594' title='bbox 1330 1794 1479 1837; x_wconf 74' lang='lat' dir='ltr'><strong>suppose</strong></span> <span class='ocrx_word' id='word_1_595' title='bbox 1512 1804 1556 1836; x_wconf 86' lang='lat' dir='ltr'><strong>qu</strong></span> <span class='ocrx_word' id='word_1_596' title='bbox 1559 1792 1593 1825; x_wconf 88' lang='grc'><strong>11</strong></span> <span class='ocrx_word' id='word_1_597' title='bbox 1620 1793 1763 1826; x_wconf 82' lang='lat' dir='ltr'><strong>existait.</strong></span> 
     </span>
     <span class='ocr_line' id='line_1_98' title="bbox 957 1837 1761 1878; baseline -0.005 -3"><span class='ocrx_word' id='word_1_598' title='bbox 957 1842 1017 1875; x_wconf 87' lang='lat' dir='ltr'><strong>des</strong></span> <span class='ocrx_word' id='word_1_599' title='bbox 1048 1841 1108 1875; x_wconf 84' lang='lat' dir='ltr'><strong>iles</strong></span> <span class='ocrx_word' id='word_1_600' title='bbox 1140 1841 1328 1873; x_wconf 79' lang='lat' dir='ltr'><strong>flottantes.</strong></span> <span class='ocrx_word' id='word_1_601' title='bbox 1379 1839 1483 1872; x_wconf 85' lang='lat' dir='ltr'><strong>Selon</strong></span> <span class='ocrx_word' id='word_1_602' title='bbox 1509 1837 1686 1872; x_wconf 86' lang='lat' dir='ltr'><strong>Herodote</strong></span> <span class='ocrx_word' id='word_1_603' title='bbox 1711 1838 1761 1878; x_wconf 79' lang='grc'><strong>(2,</strong></span> 
     </span>
     <span class='ocr_line' id='line_1_99' title="bbox 957 1884 1763 1931; baseline -0.006 -9"><span class='ocrx_word' id='word_1_604' title='bbox 957 1889 1066 1931; x_wconf 88' lang='grc'>156),</span> <span class='ocrx_word' id='word_1_605' title='bbox 1100 1888 1150 1920; x_wconf 84' lang='lat' dir='ltr'><strong>les</strong></span> <span class='ocrx_word' id='word_1_606' title='bbox 1172 1886 1369 1931; x_wconf 84' lang='lat' dir='ltr'><strong>Egyptiens</strong></span> <span class='ocrx_word' id='word_1_607' title='bbox 1398 1886 1431 1918; x_wconf 92' lang='lat' dir='ltr'><strong>le</strong></span> <span class='ocrx_word' id='word_1_608' title='bbox 1455 1884 1604 1918; x_wconf 85' lang='lat' dir='ltr'><strong>disaient</strong></span> <span class='ocrx_word' id='word_1_609' title='bbox 1626 1885 1670 1917; x_wconf 87' lang='lat' dir='ltr'><strong>de</strong></span> <span class='ocrx_word' id='word_1_610' title='bbox 1694 1884 1763 1918; x_wconf 80' lang='lat' dir='ltr'><strong>l&#39;ile</strong></span> 
     </span>
     <span class='ocr_line' id='line_1_100' title="bbox 959 1929 1764 1967; baseline -0.005 -1"><span class='ocrx_word' id='word_1_611' title='bbox 959 1932 1139 1967; x_wconf 83' lang='lat' dir='ltr'><strong>Chemmis.</strong></span> <span class='ocrx_word' id='word_1_612' title='bbox 1184 1935 1251 1966; x_wconf 85' lang='lat' dir='ltr'><strong>Les</strong></span> <span class='ocrx_word' id='word_1_613' title='bbox 1275 1934 1386 1965; x_wconf 85' lang='lat' dir='ltr'><strong>Grecs</strong></span> <span class='ocrx_word' id='word_1_614' title='bbox 1410 1930 1494 1965; x_wconf 78' lang='lat' dir='ltr'><strong>l&#39;ont</strong></span> <span class='ocrx_word' id='word_1_615' title='bbox 1517 1931 1570 1964; x_wconf 81' lang='lat' dir='ltr'><strong>dit</strong></span> <span class='ocrx_word' id='word_1_616' title='bbox 1592 1930 1634 1963; x_wconf 89' lang='lat' dir='ltr'><strong>de</strong></span> <span class='ocrx_word' id='word_1_617' title='bbox 1659 1929 1764 1964; x_wconf 76' lang='lat' dir='ltr'><strong>Delos</strong></span> 
     </span>
     <span class='ocr_line' id='line_1_101' title="bbox 956 1975 1764 2023; baseline -0.005 -10"><span class='ocrx_word' id='word_1_618' title='bbox 956 1979 1147 2023; x_wconf 62' lang='lat' dir='ltr'><strong>(Pffidare,</strong></span> <span class='ocrx_word' id='word_1_619' title='bbox 1181 1978 1248 2013; x_wconf 84' lang='lat' dir='ltr'><strong>cite</strong></span> <span class='ocrx_word' id='word_1_620' title='bbox 1281 1990 1346 2022; x_wconf 88' lang='lat' dir='ltr'><strong>par</strong></span> <span class='ocrx_word' id='word_1_621' title='bbox 1369 1978 1401 2011; x_wconf 92' lang='lat' dir='ltr'><strong>le</strong></span> <span class='ocrx_word' id='word_1_622' title='bbox 1426 1976 1513 2023; x_wconf 78' lang='lat' dir='ltr'><strong>petit</strong></span> <span class='ocrx_word' id='word_1_623' title='bbox 1536 1975 1720 2010; x_wconf 79' lang='lat' dir='ltr'><strong>scholiaste</strong></span> <span class='ocrx_word' id='word_1_624' title='bbox 1743 1988 1764 2009; x_wconf 89' lang='lat' dir='ltr'><strong>a</strong></span> 
     </span>
     <span class='ocr_line' id='line_1_102' title="bbox 958 2020 1763 2102; baseline -0.001 -43"><span class='ocrx_word' id='word_1_625' title='bbox 958 2038 998 2059; x_wconf 88' lang='lat' dir='ltr'><strong>ce</strong></span> <span class='ocrx_word' id='word_1_626' title='bbox 1022 2038 1055 2061; x_wconf 83' lang='lat' dir='ltr'><strong>v.</strong></span> <span class='ocrx_word' id='word_1_627' title='bbox 1076 2027 1121 2067; x_wconf 77' lang='lat'><strong>33</strong></span> <span class='ocrx_word' id='word_1_628' title='bbox 1155 2037 1217 2068; x_wconf 83' lang='lat' dir='ltr'><strong>par</strong></span> <span class='ocrx_word' id='word_1_629' title='bbox 1241 2025 1412 2063; x_wconf 76' lang='lat' dir='ltr'><strong>Strabon,</strong></span> <span class='ocrx_word' id='word_1_630' title='bbox 1438 2020 1763 2102; x_wconf 65' lang='grc'><strong>11111.10,[1.485;</strong></span> 
     </span>
     <span class='ocr_line' id='line_1_103' title="bbox 958 2034 1763 2117; baseline -0.005 -12"><span class='ocrx_word' id='word_1_631' title='bbox 958 2083 1022 2117; x_wconf 87' lang='lat' dir='ltr'><strong>par</strong></span> <span class='ocrx_word' id='word_1_632' title='bbox 1047 2072 1235 2113; x_wconf 81' lang='lat' dir='ltr'><strong>Eustathe,</strong></span> <span class='ocrx_word' id='word_1_633' title='bbox 1269 2082 1304 2115; x_wconf 91' lang='lat' dir='ltr'><strong>p.</strong></span> <span class='ocrx_word' id='word_1_634' title='bbox 1340 2068 1450 2109; x_wconf 82' lang='lat'>1644,</span> <span class='ocrx_word' id='word_1_635' title='bbox 1497 2068 1598 2103; x_wconf 89' lang='grc'><strong>,53</strong></span> <span class='ocrx_word' id='word_1_636' title='bbox 1617 2034 1763 2110; x_wconf 79' lang='lat' dir='ltr'><strong>pVoyez</strong></span> 
     </span>
     <span class='ocr_line' id='line_1_104' title="bbox 958 2069 1765 2161; baseline -0.009 -9"><span class='ocrx_word' id='word_1_637' title='bbox 958 2118 1050 2152; x_wconf 86' lang='lat' dir='ltr'><strong>aussi</strong></span> <span class='ocrx_word' id='word_1_638' title='bbox 1075 2118 1224 2161; x_wconf 83' lang='lat' dir='ltr'><strong>Virgile‚</strong></span> <span class='ocrx_word' id='word_1_639' title='bbox 1252 2119 1336 2151; x_wconf 88' lang='lat' dir='ltr'><strong>Aen.</strong></span> <span class='ocrx_word' id='word_1_640' title='bbox 1360 2116 1404 2157; x_wconf 87' lang='grc'><strong>3,</strong></span> <span class='ocrx_word' id='word_1_641' title='bbox 1428 2069 1527 2157; x_wconf 58' lang='lat'>55¹),</span> <span class='ocrx_word' id='word_1_642' title='bbox 1560 2113 1621 2147; x_wconf 85' lang='lat' dir='ltr'><strong>des</strong></span> <span class='ocrx_word' id='word_1_643' title='bbox 1644 2115 1765 2147; x_wconf 81' lang='lat' dir='ltr'><strong>roches</strong></span> 
     </span>
     <span class='ocr_line' id='line_1_105' title="bbox 958 2159 1764 2210; baseline -0.007 -13"><span class='ocrx_word' id='word_1_644' title='bbox 958 2164 1116 2210; x_wconf 87' lang='lat' dir='ltr'><strong>Cyanees</strong></span> <span class='ocrx_word' id='word_1_645' title='bbox 1141 2163 1317 2207; x_wconf 85' lang='lat' dir='ltr'><strong>(Apollon.</strong></span> <span class='ocrx_word' id='word_1_646' title='bbox 1341 2162 1426 2204; x_wconf 82' lang='lat' dir='ltr'><strong>Arg</strong></span> <span class='ocrx_word' id='word_1_647' title='bbox 1451 2163 1485 2200; x_wconf 83' lang='grc'><strong>2,</strong></span> <span class='ocrx_word' id='word_1_648' title='bbox 1508 2159 1619 2202; x_wconf 84' lang='grc'><strong>317),</strong></span> <span class='ocrx_word' id='word_1_649' title='bbox 1645 2167 1680 2192; x_wconf 86' lang='lat' dir='ltr'><strong>et</strong></span> <span class='ocrx_word' id='word_1_650' title='bbox 1703 2159 1764 2192; x_wconf 85' lang='lat' dir='ltr'><strong>des</strong></span> 
     </span>
     <span class='ocr_line' id='line_1_106' title="bbox 956 2172 1765 2255; baseline -0.011 -10"><span class='ocrx_word' id='word_1_651' title='bbox 956 2212 1079 2245; x_wconf 84' lang='lat' dir='ltr'><strong>roches</strong></span> <span class='ocrx_word' id='word_1_652' title='bbox 1102 2208 1349 2255; x_wconf 78' lang='lat' dir='ltr'><strong>Symplegades</strong></span> <span class='ocrx_word' id='word_1_653' title='bbox 1365 2172 1583 2251; x_wconf 48' lang='lat' dir='ltr'><strong>(ligpollodori</strong></span> <span class='ocrx_word' id='word_1_654' title='bbox 1603 2203 1765 2238; x_wconf 85' lang='lat' dir='ltr'><strong>Biblioth.</strong></span> 
     </span>
     <span class='ocr_line' id='line_1_107' title="bbox 961 2250 1765 2298; baseline -0.011 -6"><span class='ocrx_word' id='word_1_655' title='bbox 961 2259 999 2296; x_wconf 92' lang='lat'><strong>1,</strong></span> <span class='ocrx_word' id='word_1_656' title='bbox 1023 2258 1065 2298; x_wconf 88' lang='grc'><strong>9,</strong></span> <span class='ocrx_word' id='word_1_657' title='bbox 1099 2258 1130 2297; x_wconf 65' lang='grc' dir='ltr'>ἓ.</span> <span class='ocrx_word' id='word_1_658' title='bbox 1158 2255 1245 2298; x_wconf 77' lang='grc'>22).</span> <span class='ocrx_word' id='word_1_659' title='bbox 1292 2254 1342 2287; x_wconf 91' lang='lat' dir='ltr'><strong>Le</strong></span> <span class='ocrx_word' id='word_1_660' title='bbox 1371 2252 1556 2286; x_wconf 82' lang='lat' dir='ltr'><strong>scholiaste</strong></span> <span class='ocrx_word' id='word_1_661' title='bbox 1587 2250 1620 2284; x_wconf 83' lang='lat' dir='ltr'><strong>d&#39;</strong></span> <span class='ocrx_word' id='word_1_662' title='bbox 1624 2250 1765 2295; x_wconf 90' lang='lat' dir='ltr'><strong>Apollo-</strong></span> 
     </span>
     <span class='ocr_line' id='line_1_108' title="bbox 959 2296 1765 2343; baseline -0.009 -7"><span class='ocrx_word' id='word_1_663' title='bbox 959 2303 1037 2336; x_wconf 86' lang='lat' dir='ltr'><strong>nius</strong></span> <span class='ocrx_word' id='word_1_664' title='bbox 1061 2302 1104 2335; x_wconf 89' lang='lat' dir='ltr'><strong>de</strong></span> <span class='ocrx_word' id='word_1_665' title='bbox 1130 2300 1267 2335; x_wconf 88' lang='lat' dir='ltr'><strong>Rhodes</strong></span> <span class='ocrx_word' id='word_1_666' title='bbox 1291 2300 1353 2343; x_wconf 87' lang='grc'><strong>(2,</strong></span> <span class='ocrx_word' id='word_1_667' title='bbox 1374 2298 1464 2341; x_wconf 85' lang='grc'><strong>321)</strong></span> <span class='ocrx_word' id='word_1_668' title='bbox 1489 2296 1651 2342; x_wconf 88' lang='lat' dir='ltr'><strong>explique</strong></span> <span class='ocrx_word' id='word_1_669' title='bbox 1672 2301 1765 2331; x_wconf 78' lang='lat' dir='ltr'><strong>cette</strong></span> 
     </span>
     <span class='ocr_line' id='line_1_109' title="bbox 959 2344 1765 2392; baseline -0.009 -10"><span class='ocrx_word' id='word_1_670' title='bbox 959 2348 1098 2392; x_wconf 86' lang='lat' dir='ltr'><strong>opinion</strong></span> <span class='ocrx_word' id='word_1_671' title='bbox 1131 2348 1267 2381; x_wconf 83' lang='lat' dir='ltr'><strong>bizarre</strong></span> <span class='ocrx_word' id='word_1_672' title='bbox 1300 2356 1362 2389; x_wconf 80' lang='lat' dir='ltr'><strong>par</strong></span> <span class='ocrx_word' id='word_1_673' title='bbox 1389 2344 1550 2378; x_wconf 85' lang='lat' dir='ltr'><strong>l&#39;illusion</strong></span> <span class='ocrx_word' id='word_1_674' title='bbox 1581 2355 1650 2386; x_wconf 87' lang='lat' dir='ltr'><strong>que</strong></span> <span class='ocrx_word' id='word_1_675' title='bbox 1683 2354 1765 2388; x_wconf 85' lang='lat' dir='ltr'><strong>pro-</strong></span> 
     </span>
     <span class='ocr_line' id='line_1_110' title="bbox 961 2389 1764 2435; baseline -0.009 -7"><span class='ocrx_word' id='word_1_676' title='bbox 961 2394 1110 2435; x_wconf 82' lang='lat' dir='ltr'><strong>duisent,</strong></span> <span class='ocrx_word' id='word_1_677' title='bbox 1133 2393 1372 2428; x_wconf 81' lang='lat' dir='ltr'><strong>relativement</strong></span> <span class='ocrx_word' id='word_1_678' title='bbox 1394 2392 1416 2424; x_wconf 74' lang='grc'><strong>21</strong></span> <span class='ocrx_word' id='word_1_679' title='bbox 1439 2390 1512 2424; x_wconf 89' lang='lat' dir='ltr'><strong>leur</strong></span> <span class='ocrx_word' id='word_1_680' title='bbox 1535 2389 1683 2434; x_wconf 83' lang='lat' dir='ltr'><strong>position</strong></span> <span class='ocrx_word' id='word_1_681' title='bbox 1708 2400 1764 2422; x_wconf 89' lang='lat' dir='ltr'><strong>re-</strong></span> 
     </span>
     <span class='ocr_line' id='line_1_111' title="bbox 960 2435 1764 2484; baseline -0.007 -10"><span class='ocrx_word' id='word_1_682' title='bbox 960 2441 1141 2484; x_wconf 78' lang='lat' dir='ltr'><strong>spective,</strong></span> <span class='ocrx_word' id='word_1_683' title='bbox 1173 2439 1261 2472; x_wconf 86' lang='lat' dir='ltr'><strong>deux</strong></span> <span class='ocrx_word' id='word_1_684' title='bbox 1293 2438 1405 2481; x_wconf 78' lang='lat' dir='ltr'><strong>objets</strong></span> <span class='ocrx_word' id='word_1_685' title='bbox 1429 2447 1492 2470; x_wconf 90' lang='lat' dir='ltr'><strong>vus</strong></span> <span class='ocrx_word' id='word_1_686' title='bbox 1517 2435 1560 2470; x_wconf 87' lang='lat' dir='ltr'><strong>de</strong></span> <span class='ocrx_word' id='word_1_687' title='bbox 1583 2435 1764 2469; x_wconf 66' lang='lat' dir='ltr'><strong>differente</strong></span> 
     </span>
     <span class='ocr_line' id='line_1_112' title="bbox 958 2481 1764 2532; baseline -0.007 -12"><span class='ocrx_word' id='word_1_688' title='bbox 958 2488 1098 2532; x_wconf 81' lang='lat' dir='ltr'><strong>points;</strong></span> <span class='ocrx_word' id='word_1_689' title='bbox 1133 2486 1176 2519; x_wconf 88' lang='lat' dir='ltr'><strong>de</strong></span> <span class='ocrx_word' id='word_1_690' title='bbox 1207 2488 1300 2518; x_wconf 71' lang='lat' dir='ltr'><strong>suite</strong></span> <span class='ocrx_word' id='word_1_691' title='bbox 1323 2495 1414 2528; x_wconf 87' lang='lat' dir='ltr'><strong>que,</strong></span> <span class='ocrx_word' id='word_1_692' title='bbox 1445 2483 1476 2516; x_wconf 89' lang='lat' dir='ltr'><strong>si</strong></span> <span class='ocrx_word' id='word_1_693' title='bbox 1500 2494 1542 2516; x_wconf 92' lang='lat' dir='ltr'><strong>en</strong></span> <span class='ocrx_word' id='word_1_694' title='bbox 1566 2481 1616 2515; x_wconf 86' lang='lat' dir='ltr'><strong>les</strong></span> <span class='ocrx_word' id='word_1_695' title='bbox 1642 2491 1764 2526; x_wconf 80' lang='lat' dir='ltr'><strong>regar-</strong></span> 
     </span>
     <span class='ocr_line' id='line_1_113' title="bbox 960 2527 1764 2580; baseline -0.007 -14"><span class='ocrx_word' id='word_1_696' title='bbox 960 2534 1042 2566; x_wconf 90' lang='lat' dir='ltr'><strong>dant</strong></span> <span class='ocrx_word' id='word_1_697' title='bbox 1066 2544 1109 2566; x_wconf 91' lang='lat' dir='ltr'><strong>on</strong></span> <span class='ocrx_word' id='word_1_698' title='bbox 1133 2535 1185 2565; x_wconf 86' lang='lat' dir='ltr'><strong>est</strong></span> <span class='ocrx_word' id='word_1_699' title='bbox 1209 2542 1269 2564; x_wconf 92' lang='lat' dir='ltr'><strong>sur</strong></span> <span class='ocrx_word' id='word_1_700' title='bbox 1294 2530 1327 2563; x_wconf 87' lang='lat' dir='ltr'><strong>la</strong></span> <span class='ocrx_word' id='word_1_701' title='bbox 1351 2532 1458 2563; x_wconf 86' lang='lat' dir='ltr'><strong>meme</strong></span> <span class='ocrx_word' id='word_1_702' title='bbox 1481 2528 1592 2572; x_wconf 84' lang='lat' dir='ltr'><strong>ligne,</strong></span> <span class='ocrx_word' id='word_1_703' title='bbox 1623 2527 1666 2561; x_wconf 87' lang='lat' dir='ltr'><strong>ils</strong></span> <span class='ocrx_word' id='word_1_704' title='bbox 1699 2537 1764 2580; x_wconf 77' lang='lat' dir='ltr'><strong>pa-</strong></span> 
     </span>
     <span class='ocr_line' id='line_1_114' title="bbox 958 2571 1764 2616; baseline -0.01 -3"><span class='ocrx_word' id='word_1_705' title='bbox 958 2579 1106 2613; x_wconf 85' lang='lat' dir='ltr'><strong>raissent</strong></span> <span class='ocrx_word' id='word_1_706' title='bbox 1139 2589 1177 2611; x_wconf 90' lang='lat' dir='ltr'><strong>se</strong></span> <span class='ocrx_word' id='word_1_707' title='bbox 1208 2575 1414 2616; x_wconf 76' lang='lat' dir='ltr'><strong>consondre‚</strong></span> <span class='ocrx_word' id='word_1_708' title='bbox 1451 2579 1488 2608; x_wconf 83' lang='lat' dir='ltr'><strong>et.</strong></span> <span class='ocrx_word' id='word_1_709' title='bbox 1517 2585 1561 2608; x_wconf 83' lang='lat' dir='ltr'><strong>au</strong></span> <span class='ocrx_word' id='word_1_710' title='bbox 1592 2571 1764 2607; x_wconf 83' lang='lat' dir='ltr'><strong>contraire</strong></span> 
     </span>
     <span class='ocr_line' id='line_1_115' title="bbox 958 2619 1764 2669; baseline -0.01 -10"><span class='ocrx_word' id='word_1_711' title='bbox 958 2625 1001 2659; x_wconf 86' lang='lat' dir='ltr'><strong>ils</strong></span> <span class='ocrx_word' id='word_1_712' title='bbox 1026 2624 1218 2669; x_wconf 82' lang='lat' dir='ltr'><strong>paraissent</strong></span> <span class='ocrx_word' id='word_1_713' title='bbox 1240 2623 1310 2655; x_wconf 83' lang='lat' dir='ltr'><strong>sort</strong></span> <span class='ocrx_word' id='word_1_714' title='bbox 1333 2621 1487 2665; x_wconf 72' lang='lat' dir='ltr'><strong>eloignes</strong></span> <span class='ocrx_word' id='word_1_715' title='bbox 1515 2619 1544 2653; x_wconf 91' lang='lat' dir='ltr'><strong>si</strong></span> <span class='ocrx_word' id='word_1_716' title='bbox 1567 2630 1610 2653; x_wconf 94' lang='lat' dir='ltr'><strong>on</strong></span> <span class='ocrx_word' id='word_1_717' title='bbox 1634 2619 1686 2652; x_wconf 79' lang='lat' dir='ltr'><strong>les</strong></span> <span class='ocrx_word' id='word_1_718' title='bbox 1709 2629 1764 2651; x_wconf 87' lang='lat' dir='ltr'><strong>re-</strong></span> 
     </span>
     <span class='ocr_line' id='line_1_116' title="bbox 959 2665 1766 2718; baseline -0.01 -14"><span class='ocrx_word' id='word_1_719' title='bbox 959 2669 1067 2715; x_wconf 80' lang='lat' dir='ltr'><strong>garde</strong></span> <span class='ocrx_word' id='word_1_720' title='bbox 1092 2669 1134 2703; x_wconf 87' lang='lat' dir='ltr'><strong>de</strong></span> <span class='ocrx_word' id='word_1_721' title='bbox 1159 2670 1257 2709; x_wconf 75' lang='lat' dir='ltr'><strong>c01e3</strong></span> <span class='ocrx_word' id='word_1_722' title='bbox 1282 2668 1394 2708; x_wconf 85' lang='lat' dir='ltr'><strong>enfin,</strong></span> <span class='ocrx_word' id='word_1_723' title='bbox 1424 2678 1466 2699; x_wconf 90' lang='lat' dir='ltr'><strong>en</strong></span> <span class='ocrx_word' id='word_1_724' title='bbox 1486 2665 1672 2718; x_wconf 80' lang='lat' dir='ltr'><strong>naviguant</strong></span> <span class='ocrx_word' id='word_1_725' title='bbox 1691 2666 1766 2697; x_wconf 77' lang='lat' dir='ltr'><strong>tout</strong></span> 
     </span>
     <span class='ocr_line' id='line_1_117' title="bbox 960 2710 1767 2756; baseline -0.01 -6"><span class='ocrx_word' id='word_1_726' title='bbox 960 2721 1102 2756; x_wconf 77' lang='lat' dir='ltr'><strong>autour,</strong></span> <span class='ocrx_word' id='word_1_727' title='bbox 1129 2730 1147 2749; x_wconf 84' lang='grc' dir='ltr'>.-ι</span> <span class='ocrx_word' id='word_1_728' title='bbox 1167 2726 1232 2748; x_wconf 86' lang='lat' dir='ltr'><strong>une</strong></span> <span class='ocrx_word' id='word_1_729' title='bbox 1251 2713 1405 2747; x_wconf 82' lang='lat' dir='ltr'><strong>certaine</strong></span> <span class='ocrx_word' id='word_1_730' title='bbox 1423 2711 1589 2751; x_wconf 78' lang='lat' dir='ltr'><strong>distance,</strong></span> <span class='ocrx_word' id='word_1_731' title='bbox 1615 2710 1656 2744; x_wconf 83' lang='lat' dir='ltr'><strong>ils</strong></span> <span class='ocrx_word' id='word_1_732' title='bbox 1679 2720 1767 2743; x_wconf 88' lang='lat' dir='ltr'><strong>sem-</strong></span> 
     </span>
     <span class='ocr_line' id='line_1_118' title="bbox 960 2757 1767 2805; baseline -0.01 -9"><span class='ocrx_word' id='word_1_733' title='bbox 960 2764 1056 2797; x_wconf 85' lang='lat' dir='ltr'><strong>blent</strong></span> <span class='ocrx_word' id='word_1_734' title='bbox 1088 2761 1294 2805; x_wconf 62' lang='grc' dir='ltr'><strong>5ὀ101ςι131,</strong></span> <span class='ocrx_word' id='word_1_735' title='bbox 1330 2771 1367 2793; x_wconf 90' lang='lat' dir='ltr'><strong>se</strong></span> <span class='ocrx_word' id='word_1_736' title='bbox 1402 2757 1634 2802; x_wconf 77' lang='lat' dir='ltr'><strong>rapprocher‚</strong></span> <span class='ocrx_word' id='word_1_737' title='bbox 1670 2759 1706 2788; x_wconf 85' lang='lat' dir='ltr'><strong>et</strong></span> <span class='ocrx_word' id='word_1_738' title='bbox 1729 2766 1767 2788; x_wconf 89' lang='lat' dir='ltr'><strong>se</strong></span> 
     </span>
     <span class='ocr_line' id='line_1_119' title="bbox 961 2800 1767 2850; baseline -0.01 -8.781"><span class='ocrx_word' id='word_1_739' title='bbox 961 2808 1080 2843; x_wconf 78' lang='lat' dir='ltr'><strong>reunir</strong></span> <span class='ocrx_word' id='word_1_740' title='bbox 1101 2808 1196 2841; x_wconf 80' lang='lat' dir='ltr'><strong>selon</strong></span> <span class='ocrx_word' id='word_1_741' title='bbox 1221 2806 1253 2839; x_wconf 90' lang='lat' dir='ltr'><strong>le</strong></span> <span class='ocrx_word' id='word_1_742' title='bbox 1276 2805 1373 2850; x_wconf 84' lang='lat' dir='ltr'><strong>point</strong></span> <span class='ocrx_word' id='word_1_743' title='bbox 1396 2803 1478 2838; x_wconf 73' lang='lat' dir='ltr'><strong>d&#39;ou</strong></span> <span class='ocrx_word' id='word_1_744' title='bbox 1502 2815 1546 2838; x_wconf 87' lang='lat' dir='ltr'><strong>on</strong></span> <span class='ocrx_word' id='word_1_745' title='bbox 1569 2802 1619 2835; x_wconf 87' lang='lat' dir='ltr'><strong>les</strong></span> <span class='ocrx_word' id='word_1_746' title='bbox 1642 2800 1767 2834; x_wconf 65' lang='lat' dir='ltr'><strong>decon-</strong></span> 
     </span>
     <span class='ocr_line' id='line_1_120' title="bbox 963 2846 1769 2896; baseline -0.012 -8"><span class='ocrx_word' id='word_1_747' title='bbox 963 2866 1037 2888; x_wconf 87' lang='lat' dir='ltr'><strong>vre-</strong></span> <span class='ocrx_word' id='word_1_748' title='bbox 1086 2854 1189 2886; x_wconf 72' lang='lat' dir='ltr'><strong>s‘ette</strong></span> <span class='ocrx_word' id='word_1_749' title='bbox 1222 2850 1430 2896; x_wconf 82' lang='lat' dir='ltr'><strong>explication</strong></span> <span class='ocrx_word' id='word_1_750' title='bbox 1467 2860 1520 2882; x_wconf 88' lang='lat' dir='ltr'><strong>me</strong></span> <span class='ocrx_word' id='word_1_751' title='bbox 1554 2849 1668 2892; x_wconf 73' lang='lat' dir='ltr'><strong>paruit</strong></span> <span class='ocrx_word' id='word_1_752' title='bbox 1699 2846 1769 2879; x_wconf 73' lang='lat' dir='ltr'><strong>sort</strong></span> 
     </span>
     <span class='ocr_line' id='line_1_121' title="bbox 966 2891 1768 2939; baseline -0.01 -5"><span class='ocrx_word' id='word_1_753' title='bbox 966 2899 1171 2935; x_wconf 84' lang='lat' dir='ltr'><strong>admissible.</strong></span> <span class='ocrx_word' id='word_1_754' title='bbox 1219 2898 1248 2931; x_wconf 89' lang='lat' dir='ltr'><strong>ll</strong></span> <span class='ocrx_word' id='word_1_755' title='bbox 1281 2899 1359 2931; x_wconf 76' lang='lat' dir='ltr'><strong>saut</strong></span> <span class='ocrx_word' id='word_1_756' title='bbox 1384 2893 1592 2939; x_wconf 80' lang='lat' dir='ltr'><strong>lappliquer</strong></span> <span class='ocrx_word' id='word_1_757' title='bbox 1624 2891 1716 2926; x_wconf 79' lang='lat' dir='ltr'><strong>aussi</strong></span> <span class='ocrx_word' id='word_1_758' title='bbox 1747 2904 1768 2926; x_wconf 84' lang='grc'><strong>3</strong></span> 
     </span>
     <span class='ocr_line' id='line_1_122' title="bbox 967 2937 1770 2984; baseline -0.012 -4"><span class='ocrx_word' id='word_1_759' title='bbox 967 2957 1025 2980; x_wconf 90' lang='lat' dir='ltr'><strong>ces</strong></span> <span class='ocrx_word' id='word_1_760' title='bbox 1044 2946 1165 2979; x_wconf 88' lang='lat' dir='ltr'><strong>roches</strong></span> <span class='ocrx_word' id='word_1_761' title='bbox 1176 2945 1344 2978; x_wconf 79' lang='lat' dir='ltr'><strong>nommees</strong></span> <span class='ocrx_word' id='word_1_762' title='bbox 1356 2945 1510 2976; x_wconf 74' lang='lat' dir='ltr'><strong>errantes</strong></span> <span class='ocrx_word' id='word_1_763' title='bbox 1522 2951 1583 2984; x_wconf 76' lang='lat' dir='ltr'><strong>par</strong></span> <span class='ocrx_word' id='word_1_764' title='bbox 1596 2938 1646 2972; x_wconf 87' lang='lat' dir='ltr'><strong>les</strong></span> <span class='ocrx_word' id='word_1_765' title='bbox 1656 2937 1770 2978; x_wconf 84' lang='lat' dir='ltr'><strong>dieux,</strong></span> 
     </span>
     <span class='ocr_line' id='line_1_123' title="bbox 969 2983 1771 3034; baseline -0.012 -7"><span class='ocrx_word' id='word_1_766' title='bbox 969 2996 1005 3027; x_wconf 75' lang='lat' dir='ltr'><strong>et</strong></span> <span class='ocrx_word' id='word_1_767' title='bbox 1028 2992 1113 3026; x_wconf 84' lang='lat' dir='ltr'><strong>dont</strong></span> <span class='ocrx_word' id='word_1_768' title='bbox 1143 2991 1166 3025; x_wconf 90' lang='lat' dir='ltr'><strong>il</strong></span> <span class='ocrx_word' id='word_1_769' title='bbox 1199 2994 1252 3024; x_wconf 84' lang='lat' dir='ltr'><strong>est</strong></span> <span class='ocrx_word' id='word_1_770' title='bbox 1281 2988 1378 3034; x_wconf 73' lang='lat' dir='ltr'><strong>parle</strong></span> <span class='ocrx_word' id='word_1_771' title='bbox 1402 2985 1579 3023; x_wconf 78' lang='lat' dir='ltr'><strong>douzieme</strong></span> <span class='ocrx_word' id='word_1_772' title='bbox 1602 2985 1705 3020; x_wconf 73' lang='lat' dir='ltr'><strong>chent</strong></span> <span class='ocrx_word' id='word_1_773' title='bbox 1728 2983 1771 3017; x_wconf 88' lang='lat' dir='ltr'><strong>de</strong></span> 
     </span>
    </p>
   </div>
   <div class='ocr_carea' id='block_1_7' title="bbox 1810 0 1856 3282">
    <p class='ocr_par' dir='ltr' id='par_1_7' title="bbox 1810 0 1856 3282">
     <span class='ocr_line' id='line_1_124' title="bbox 1810 0 1856 3282; baseline 0 0"><span class='ocrx_word' id='word_1_774' title='bbox 1810 0 1856 3282; x_wconf 95' lang='lat' dir='ltr'><strong> </strong></span> 
     </span>
    </p>
   </div>
  </div>
 </body>
</html>
