1856 3282
0 1485 8 1499 ν.
31 1463 182 1509 ὁμῶς,
207 1465 308 1499 simul
329 1477 406 1500 cum
430 1470 538 1501 nocte.
568 1485 613 1491 —-
656 1463 840 1511 ῥύεται,

0 1538 6 1555 ,
29 1516 159 1548 tuetur.
193 1511 234 1545 n.
257 1510 302 1553 κ’,
327 1514 396 1548 259
420 1518 485 1546 etc

0 1584 5 1602 ,
74 1558 133 1593 36.
166 1557 269 1591 codd.
287 1558 441 1603 vulgati.
465 1557 644 1602 πρώτην,
661 1561 699 1592 ut
717 1557 839 1604 ἐπήν,

0 1601 186 1648 ιάκτήν,
227 1604 522 1638 homoeoteleuton
554 1605 767 1639 sectantibus
798 1605 838 1639 li-

0 1669 4 1678 =
28 1650 180 1692 brariis;
205 1650 265 1694 qui
288 1651 366 1685 fons
391 1651 586 1685 mendarum
610 1662 676 1684 non
701 1657 753 1686 est
775 1652 838 1685 ob-

0 1726 1 1731 ,
28 1708 160 1731 scurus.
208 1707 284 1730 nam
307 1708 388 1740 cur,
422 1708 576 1742 quaeso,
604 1698 752 1741 primum
778 1697 836 1731 lit-

26 1751 84 1778 tus
95 1743 264 1776 Ithacae?
299 1747 394 1776 recte
410 1742 570 1785 Seberus,
592 1744 706 1777 nescio
726 1743 837 1777 unde:

26 1790 189 1834 πρῶτον.
235 1788 272 1821 id
299 1787 470 1822 Meti-icus
496 1789 628 1845 aliquis
643 1790 836 1831 mutaverit,

28 1848 103 1871 cum
134 1839 238 1869 notae
270 1834 339 1868 sint
367 1835 533 1868 formulae
565 1833 656 1879 ἐπὴν
687 1838 837 1879 πρῶτον

28 1893 90 1916 seu
112 1882 254 1924 πρῶτα,
267 1881 392 1936 quod*
390 1886 426 1914 et
445 1880 569 1915 dicitur
591 1879 715 1924 ἐπειδὴ
735 1895 836 1926 πρω-

26 1941 114 1970 τον,
149 1924 280 1983 ἐπειδὴ
311 1939 460 1970 πρωτα,
502 1928 560 1960 ubi
590 1928 750 1970 primum.
789 1927 834 1969 δ’,

27 1973 129 2011 414.·
153 1972 223 2009 τὸν
241 1971 308 2016 μὲν
326 1972 418 2018 ἐπὴν
441 1971 487 2016 δὴ
508 1974 636 2017 πρῶτα
658 1987 834 2018 κατευνη-

29 2021 149 2057 θέντα
165 2020 311 2077 ἴδησθε.
343 2020 383 2053 11.
404 2017 451 2061 α’,
468 2020 568 2054 235.2
594 2018 720 2065 ἐπειδὴ
740 2034 839 2062 πρω-

30 2080 77 2103 τα
107 2065 227 2112 τομὴν
257 2065 297 2101 ἐν
332 2063 455 2108 ὄρεσσι
478 2065 640 2101 λέλοιπεν
663 2072 729 2100 etc.
777 2080 838 2101 so-

30 2115 103 2149 lent
125 2118 240 2148 autern
265 2111 400 2147 nomina
422 2113 565 2157 propria
587 2118 622 2147 et
639 2125 729 2157 quae
753 2125 836 2159 pon-

30 2161 93 2194 dus
116 2159 243 2194 habent
268 2158 387 2204 primis
414 2158 602 2203 mediisque
625 2159 711 2193 locis
734 2159 838 2194 hexa-

31 2210 214 2241 metrorum
238 2204 411 2244 collocari,
434 2206 564 2258 quippe
587 2205 730 2239 maxime
755 2218 837 2239 con-

30 2251 183 2298 spicuis;
226 2261 290 2284 nec
325 2250 391 2284 nisi
432 2251 638 2285 necessitate
671 2251 835 2285 orationis

31 2298 200 2334 adductus
222 2296 266 2329 ad
290 2295 390 2330 finem
424 2307 466 2330 ea
488 2296 633 2340 rejicere
656 2300 759 2342 poeta
782 2297 835 2330 vi-

31 2345 157 2384 detur,
182 2342 276 2376 velut
299 2353 373 2375 cum
398 2342 483 2376 dicit
507 2343 560 2384 ω’,
582 2344 685 2378 283.=
710 2346 745 2379 εἰ
755 2344 835 2400 γάρ

31 2403 95 2435 μιν
125 2387 220 2431 ζωόν
248 2399 287 2431 γε
317 2389 428 2432 κίχεις
449 2385 599 2433 Ἰθάκης
629 2388 683 2424 ἐνὶ
715 2387 833 2435 δήμῳ.

31 2447 108 2471 nam
139 2435 190 2469 sic
215 2434 291 2468 Ald.
316 2435 371 2475 3.,
405 2438 441 2468 et
465 2435 600 2469 Alter-us
631 2447 766 2481 quoque
791 2448 833 2470 ex

32 2482 102 2517 suis
123 2483 256 2526 κιχεῒς,
280 2491 346 2514 oon
367 2478 517 2524 ἐκίχεις,
539 2485 578 2515 ut
600 2481 631 2515 E
655 2486 692 2516 et
713 2494 836 2516 recen-

31 2528 159 2568 tiores,
191 2526 283 2572 quod
307 2526 336 2559 si
359 2527 538 2571 genuinum
563 2532 675 2569 esset,
706 2532 833 2562 temere

31 2575 129 2609 Hom.
154 2583 288 2607 versum
312 2577 516 2627 asperasset
528 2573 723 2617 anapaestis
747 2575 834 2608 duo-

0 2626 1 2631 ’
30 2622 96 2654 bus
120 2618 291 2653 continuis
315 2617 350 2651 in
373 2629 431 2658 re,
465 2618 519 2651 cui
551 2620 750 2663 asperitatis
773 2631 833 2653 no-

31 2666 80 2699 tio
106 2664 235 2699 inesset
257 2663 369 2705 nulla,
391 2664 541 2720 qualem
543 2665 709 2700 notionem
729 2667 833 2699 habet

32 2710 117 2745 illud
140 2707 307 2755 κραναὴν
316 2708 484 2765 Ἰθάκην,
507 2707 555 2751 α’,
574 2712 653 2746 509.
677 2712 833 2756 saepius-

32 2768 100 2803 que
116 2761 333 2801 usurpatum3
356 2755 422 2790 isto
442 2761 553 2790 autem
579 2757 652 2790 loco
675 2757 755 2791 libri
773 2757 831 2791 24.

31 2804 63 2837 si
85 2802 251 2836 voluisset
259 2801 406 2859 ἐκιχεις,
431 2806 525 2835 certe
544 2801 688 2836 dixisset
711 2804 745 2838 εἰ
761 2802 831 2847 γάρ

32 2861 97 2893 μιν
120 2846 212 2891 ζωόν
236 2845 270 2892 γ’
296 2846 441 2892 Ἰθάκης
464 2848 592 2892 ἐκίχεις
615 2847 640 2883 ἐ.
666 2851 720 2890 δ.,
745 2861 834 2882 nunc

33 2894 122 2928 dixit
142 2893 288 2928 numeris
312 2895 444 2928 lenibus
468 2899 503 2928 et
536 2894 607 2935 rei,
638 2905 727 2938 quae
758 2894 835 2938 agi-

33 2942 113 2981 tur,
136 2941 417 2975 accommodatis:
446 2942 480 2975 εἰ
501 2937 571 2984 γάρ
595 2952 658 2983 μιν
677 2938 771 2981 ζωόν
794 2952 833 2984 γε

34 2987 143 3030 κίχεις
161 2984 228 3022 Ἰθ.
254 2985 282 3023 ἐ.
305 2987 365 3030 δ.,
397 2997 485 3020 voce
515 2987 626 3031 κίχεις
657 2986 767 3032 posita
791 2998 832 3020 eo

523 139 1108 183 ΟΔΥΣΣΕΙΑΣ
1167 143 1213 184 Ο.

1613 144 1640 184 ιο

1645 145 1698 185 &i

214 248 340 293 νυκτὶ
369 247 413 292 δ’
444 247 563 318 ὅμως
590 250 774 293 πλείειν·
806 250 962 320 πέμψει
991 250 1038 294 δέ
1056 266 1135 321 ‘tot
1167 247 1305 307 οὖρον
1334 250 1520 296 ὄπισθεν

128 308 182 350 35
212 304 448 349 ἀθανάτων
478 304 599 356 ὅστις
629 318 676 350 σε
705 304 922 376 φυλάσσει
947 322 1012 358 τε,
1044 305 1195 376 ῥύεταί
1223 323 1280 351 τε.

163 366 180 386 *
211 360 351 416 αὕταρ
380 361 488 433 ἐπὴν
516 365 695 415 πρῶτον
725 361 863 419 ἀκτήν
886 363 1062 418 Ἰθάκης
1090 361 1286 437 ἀφίκηαι,

210 422 296 489 νῆα
325 417 404 472 μὲν
432 418 476 470 ἐς
501 417 633 462 πόλιν
662 417 865 473 ὀτρῦναι,
896 421 970 464 καὶ
998 419 1164 470 πάντας
1193 419 1414 477 ἑταίρους·

209 473 344 525 αὐτὸς
373 475 420 518 δὲ
448 474 669 529 πρώτιστα
700 474 902 545 συβώτην
934 475 1248 547 εἰσαφικέσθαι,

209 531 258 583 ὅς
286 547 357 574 τοι
385 529 480 575 ὑῶν
509 532 735 586 ἐπίουρος,
766 530 886 587 ὁμως
916 532 963 576 δέ
995 549 1061 576 τοι
1092 531 1199 589 ἤπια
1229 529 1362 576 οἶδεν.

124 589 179 634 40
209 588 322 632 ἔνθα
352 588 400 631 δὲ
428 587 556 632 νύκτ’
584 587 729 632 άέσαι·
758 589 838 632 τόν
871 587 913 632 δ’
949 588 1134 644 ὀτρῦναι
1166 587 1297 633 πόλιν
1326 590 1428 632 ε’ίσω

209 643 413 715 ἀγγελίην
441 645 619 701 ἐρέοντα
647 645 888 700 περίφρονι
919 646 1206 716 Πηνελοπείῃ,

209 700 373 746 οὕνεκά
403 703 448 746 οἱ
475 705 561 753 σοῖς
590 702 704 756 ἐσσὶ,
734 702 809 746 καὶ
837 702 886 746 ἐκ
917 703 1074 746 Πύλου
1103 702 1379 759 εἰλήλουθας
1392 706 1421 725 “

260 805 429 840 festinans
454 805 682 842 Telemachus
706 816 813 840 suasu
836 804 1013 839 Pisistrati
1038 807 1174 848 manet,
1199 804 1276 839 dum
1301 804 1477 845 lucescat3

278 871 339 916 Ἡ
361 873 440 930 μὲν
469 873 546 926 ἄρ’
577 872 637 924 ὡς
665 871 838 916 εἰποῦσ’
870 871 1010 928 απέβη
1039 872 1153 926 πρός
1180 871 1352 928 μακρόν
1371 870 1611 928 ’Όλυμπον

210 928 350 984 αὐτάρ
381 931 406 973 ὁ
437 932 710 999 Νεστορίδην
740 930 782 981 ἐξ
811 927 942 986 ἡδέος
971 929 1118 972 ὕπνου
1150 930 1334 984 ἔγειρεν·

123 988 178 1031 45
209 986 323 1057 [λάξ
345 987 451 1030 ποδι
479 985 685 1042 κινησας,
715 988 791 1029 καί
821 1002 897 1038 μιν
926 985 1040 1039 πρὸς
1067 989 1218 1056 μῦθον
1248 986 1409 1029 ἔειπεν
1427 991 1440 1036 ]

286 1042 487 1114 ,,”Εγρεο,
516 1044 768 1114 Νεστορίδη
799 1043 1113 1112 Πεισίστρατε]
1144 1041 1348 1110 μώνυχας
1378 1043 1540 1093 ἵππους

209 1102 362 1152 ζεῦξον
390 1099 476 1171 ὑφ’
509 1098 669 1158 ἅρματ’
700 1099 838 1154 ἄγων,
870 1098 993 1154 ὄφρα
1021 1097 1285 1168 πρήσσωμεν
1315 1097 1506 1142 ‹woffo-'⁴⁶

291 1156 381 1200 Τὸν
411 1154 452 1200 δ’
483 1158 541 1199 αὐ
573 1156 851 1210 Νεστορίδης
875 1157 1189 1207 Πεισίστρατος
1218 1154 1369 1198 άντίον
1397 1153 1534 1208 ηὔδα·

207 1210 460 1282 ,,Τηλε’μαχ’
473 1245 487 1266 ,
518 1212 665 1263 οὔπως
695 1213 831 1262 ε’στιν,
862 1210 1169 1282 ἐπειγομένους
1198 1226 1277 1266 περ
1309 1211 1448 1282 ὁδοῖο,

118 1273 172 1315 50
202 1268 339 1314 νύκτα
369 1270 442 1314 διὰ
473 1269 696 1342 δνοφερην
725 1267 882 1312 ἐλάαν·
910 1267 1018 1339 τάχα
1045 1265 1085 1311 δ’
1118 1268 1286 1312 ἔσσεται
1318 1267 1421 1324 ηὀός.

202 1326 313 1371 α’λλόι
339 1325 460 1384 μέν’,
492 1326 631 1371 εἰσόκε
662 1328 784 1383 δῶρα
817 1324 966 1382 φέρων
995 1323 1223 1382 ἐπιδίφρια
1251 1327 1350 1382 θείῃ

887 1462 923 1499 in
948 1465 1047 1509 loco,
1084 1464 1118 1500 in
1145 1477 1211 1512 quo
1244 1465 1317 1500 solo
1350 1477 1413 1512 per
1443 1464 1587 1500 indolem
1623 1476 1696 1499 cum

886 1523 1028 1553 versuS,
1054 1516 1126 1546 tum
1150 1512 1260 1558 ipsius
1284 1512 1472 1554 orationis,
1497 1517 1590 1546 stare
1614 1524 1696 1557 pos-

886 1561 950 1591 set.
987 1570 1072 1602 quas
1096 1559 1130 1592 in
1156 1558 1333 1602 angustias
1359 1571 1434 1592 cum
1452 1570 1520 1593 non
1544 1558 1590 1592 sit
1605 1570 1696 1592 com-

885 1605 1014 1647 pulsum
1046 1605 1079 1638 h.
1115 1604 1136 1637 l.
1149 1629 1161 1645 ,
1203 1616 1300 1649 quem
1334 1609 1544 1646 tractamus,
1576 1615 1696 1638 nomen

883 1650 1044 1693 Ithacae,
1069 1651 1179 1684 malim
1203 1662 1286 1684 sane
1309 1650 1346 1684 id
1371 1650 1525 1707 protrahi
1552 1650 1587 1684 in
1613 1662 1696 1684 con-

881 1700 1010 1730 suetam
1034 1696 1150 1730 sedem
1169 1696 1217 1731 ita
1234 1696 1436 1754 scribendo·
1460 1694 1580 1742 αὐτὰρ
1603 1695 1695 1742 ἐπήν

882 1744 966 1784 πραῖ
968 1755 1032 1777 τον
1062 1740 1212 1787 Ἰθάκης
1252 1741 1367 1788 ἀκτήν
1399 1740 1574 1788 ἀφίκηαι.
1629 1744 1694 1777 boc

882 1793 984 1832 pacto
1010 1788 1110 1822 etiam
1136 1789 1265 1823 vitatur
1289 1789 1464 1831 molestia,
1491 1801 1593 1834 quam
1618 1801 1695 1823 cre-

882 1840 942 1868 ant
967 1836 1154 1879 composita
1179 1836 1285 1870 verba
1309 1835 1332 1870 4
1356 1835 1538 1880 disyllaba,
1562 1847 1625 1869 nec
1640 1836 1694 1869 in-

881 1886 1083 1924 terpuncta,
1109 1881 1168 1915 sed
1193 1893 1259 1915 uno
1284 1889 1406 1916 tenore
1431 1882 1693 1927 pronuntianda.

880 1937 986 1972 saepe
1010 1927 1158 1971 trajecta
1184 1939 1246 1971 per
1271 1927 1508 1962 oscitationem
1532 1928 1692 1962 librario-

880 1983 952 2005 rum
985 1983 1061 2006 esse
1092 1973 1258 2006 vocabula
1288 1973 1322 2007 in
1361 1973 1555 2017 codicibuS,
1594 1986 1692 2010 nemo

884 2018 986 2063 paulo
1012 2018 1188 2052 humanior
1210 2019 1362 2062 ignorat.
1396 2020 1440 2055 cf.
1464 2022 1519 2055 79.

929 2066 996 2104 38,
1020 2065 1077 2099 39
1127 2064 1178 2106 ν’,
1202 2064 1291 2108 404,
1317 2066 1351 2100 5.
1438 2074 1439 2077 ’

929 2110 1098 2166 40-42,
1142 2108 1293 2145 άέσαι.
1326 2111 1546 2157 y‘,151.—-
1588 2113 1687 2182 σῶς.

883 2153 922 2198 ε’,
945 2156 1034 2197 305,
1061 2154 1112 2197 π’,
1132 2159 1196 2193 131
1219 2162 1287 2191 etc.

927 2201 982 2236 44.
1031 2201 1232 2246 ἔγειρεν.
1266 2204 1374 2238 intell
1397 2203 1521 2249 λέγων,
1547 2209 1584 2239 ut
1607 2204 1687 2249 424,

881 2247 923 2291 κ’,
947 2248 1034 2290 429,
1057 2247 1108 2292 μ’,
1133 2251 1201 2285 207
1222 2254 1288 2284 etc.

925 2294 982 2330 45.
1029 2305 1150 2329 versus
1175 2297 1295 2330 merito
1320 2299 1468 2331 notatus.
1505 2297 1579 2331 Αιιι.
1603 2298 1632 2332 1.
1652 2302 1688 2331 et

880 2340 997 2374 Harl..
1038 2341 1255 2383 νοθεύεται,
1291 2341 1341 2383 ὥς
1372 2342 1689 2397 διαπεπλασμένος

880 2386 918 2428 ἐξ
942 2384 1149 2430 ἡμιστιχίου
1174 2388 1241 2432 τῆς
1263 2386 1294 2423 κ’
1314 2386 1478 2429 Ἰλιάδος.
1511 2390 1606 2430 (158.
1631 2390 1688 2422 hic

879 2432 956 2466 finit
979 2433 1142 2467 scholium
1165 2433 1262 2468 Harl
1267 2435 1284 2476 )
1305 2433 1380 2470 ἐκεῖ
1393 2448 1463 2480 γαρ
1481 2433 1686 2488 προσηκόν-

879 2490 951 2519 τως
975 2479 1129 2534 Νέστωρ
1150 2480 1381 2525 κοιμώμενον
1406 2481 1603 2526 Διομήδην
1622 2479 1686 2516 αι-

880 2526 1020 2569 ίστησι,
1050 2524 1171 2569 κύψαι
1200 2527 1431 2572 κατοκνήσας
1462 2527 1524 2562 δια
1556 2527 1596 2563 τό
1622 2529 1685 2571 φῆ-

881 2584 960 2615 ρας.
1007 2571 1115 2626 friget
1139 2573 1212 2607 Am.
1235 2574 1289 2628 Q,
1314 2573 1403 2631 oui
1396 2578 1510 2607 tuetur
1535 2573 1586 2607 his
1608 2586 1685 2608 ver-

880 2619 955 2651 bis.
990 2616 1205 2659 πρεπόντως
1237 2615 1256 2654 ὁ
1290 2631 1358 2663 μεν
1383 2616 1456 2654 ν’πό
1480 2615 1684 2677 ἐκπλήξεως

878 2661 1110 2707 ἐπειγόμενος
1136 2662 1222 2700 οὔτε
1253 2665 1319 2699 τὸν
1350 2662 1495 2707 καιρόν,
1531 2664 1616 2701 οὔτε
1641 2666 1683 2700 τὸ

877 2708 1018 2754 πρέπον
1041 2712 1187 2753 θεωρεῖ.
1236 2710 1403 2755 ἐφίστησι
1427 2709 1466 2746 δὲ
1492 2709 1539 2745 mi
1544 2709 1609 2750 τόι
1633 2714 1684 2753 εἰς

878 2756 996 2790 ταῦτα
1008 2755 1079 2798 (jus
1090 2757 1152 2789 hoc
1162 2755 1251 2789 dese
1261 2757 1587 2796 όοάἰιΤοὶοιιιῆιῐιο)
1601 2760 1683 2813 ῌει-

879 2804 1081 2845 σίστρατος.
1105 2802 1374 2843 ‹ancellavitW‚
1392 2800 1683 2847 Knight.‹1elevii.

926 2849 1027 2882 46—
1038 2848 1092 2881 53.
1140 2846 1371 2903 μώνυχας.
1407 2849 1444 2881 ΙΙ.
1469 2849 1509 2889 ε’,
1533 2846 1681 2885 Qass'etc

881 2911 923 2917 -
948 2890 1117 2936 πρήσσ.
1141 2891 1297 2929 ὁδοῖο.
1332 2895 1420 2935 219,
1454 2907 1476 2937 y
1499 2919 1508 2936 ,
1534 2897 1613 2931 476.
1638 2917 1675 2922 —

882 2937 1047 2979 οὔπως,
1065 2948 1294 2982 nequaquam.
1304 2957 1349 2966 --
1375 2938 1530 2974 νύκτα
1548 2942 1682 2982 «ivam.

884 2981 914 3019 ν’
931 2985 1040 3028 ,269
1065 3001 1110 3009 --
1153 2985 1256 3020 Seli.-
1297 2983 1557 3031 ἐπιδίφρια
1587 2991 1682 3034 (75).
