1856 3282
145 122 200 161 84

774 120 1171 163 ΟΜΗΡΟΥ

312 222 472 295 ἀνδρὸς
501 226 735 297 δυστήνοιο
765 228 838 272 καὶ
867 226 1139 300 ἐσσομένοισι
1164 228 1407 274 πυθέσθαι·

313 281 447 324 ταῦτά
474 284 519 327 τέ
545 299 621 338 μοι
647 285 833 335 τελέσαι,
862 285 992 339 πῆξαί
1020 284 1062 327 τ’
1091 284 1160 328 ἐπὶ
1188 284 1337 355 τύμβῳ
1367 286 1558 342 ἐρετμὸν,

311 341 373 395 τῷ
399 338 473 381 καὶ
502 339 606 392 ζωὸς
635 340 833 410 ἔρεσσον,
863 341 947 384 ἐών
974 339 1069 395 μετ’
1098 341 1215 396 ἐμοῖς
1244 341 1522 396 ἑτάροισιν.’“

376 392 459 444 Ὣς
474 394 636 464 ἔφατ’,
649 395 802 455 αὐτὰρ
832 396 914 452 ἐγώ
947 413 1023 451 μιν
1054 394 1336 465 α’μειβόμενος
1365 399 1651 452 προσέειπον·

228 453 284 493 80
311 480 337 501 ,,
350 465 484 493 ταυτα
512 468 602 502 τοι,
635 456 668 494 ὠ
696 451 901 521 δύστηνε,
929 452 1166 508 τελευτήσω
1193 470 1237 496 τε
1268 455 1342 496 καὶ
1370 455 1487 508 ἐᾛρξω
1505 461 1528 480 “

388 509 491 550 Νῶϊ
500 524 594 577 μεν
622 507 681 558 ὡς
709 507 900 551 ἐπέεσσιν
929 509 1194 580 ἀμειβομένω
1225 515 1498 577 στυγεροῖσιν

308 559 468 617 ἥμεθ’,
495 561 577 618 ἐγὼ
604 580 683 617 μεν
712 563 901 607 ἄνευθεν
930 563 1002 620 ἐφ’
1035 567 1182 618 αἵματι
1203 564 1441 635 φάσγανον
1473 568 1620 622 ἴσχων,

309 619 491 663 εἴδωλον
519 619 562 663 6'
592 619 799 675 ἑτέρωθεν
827 620 1002 677 ἑταίρου
1028 620 1158 665 πόλλ’
1187 619 1415 678 ἆγορεῦον.

505 720 629 756 deinde
653 726 797 767 apparet
821 722 997 765 Anticlea,
1022 727 1129 757 mater
1151 722 1299 767 ΠΙ)εείε.

376 779 512 831 Ηλθε
540 787 583 831 δ’
615 789 684 832 ἐπὶ
702 789 825 857 ψυχὴ
852 789 1012 845 μητρὸς
1040 790 1395 861 κατατεθνηυίης,

224 843 278 889 85
306 840 567 887 Αὐτολύκου
595 844 790 915 θυγάτηρ
822 847 1133 918 μεγαλητορος,
1164 846 1410 900 Ἀντίκλεια,

305 899 384 952 τὴν
413 901 543 970 ζωὴν
554 901 827 953 κατέλειπον,
855 902 935 945 ἰῶν
964 904 1023 953 εἰς
1040 903 1177 946 Ἴλιον
1207 902 1318 957 ἱρήν.

309 953 390 1009 τήν
418 954 497 1025 μὲν
527 955 607 1025 ἐγω
642 956 838 1010 δάκρυσα
867 957 996 1008 ι’δών,
1028 958 1179 1015 ἐλέησά
1207 975 1250 1001 τε
1279 959 1425 1025 θυμῷ,

309 1007 408 1053 αλλ’
443 1009 541 1054 οὐδ’
572 1011 629 1062 ὡς
659 1014 760 1055 εἴων
789 1014 1026 1070 προτέρην,
1056 1015 1242 1058 πυκινόν
1270 1029 1350 1083 περ
1381 1011 1564 1068 α’χεύων,

308 1067 488 1122 αἵματος
518 1061 655 1112 ἆσσον
683 1071 800 1125 ἴμεν,
829 1071 935 1124 πρὶν
970 1073 1192 1126 Τειρεσίαο
1224 1071 1460 1114 πυθέσθαι.

501 1175 570 1204 tum
595 1170 771 1212 Tiresiam,
794 1170 852 1216 qui
876 1171 997 1205 hausto
1019 1171 1182 1215 sanguine
1204 1171 1425 1204 vaticinatur.

221 1241 277 1282 90

381 1229 518 1279 Ἦλθε
548 1235 593 1280 δ’
621 1236 690 1280 ἐπὶ
718 1237 832 1294 ψυχὴ
865 1239 1067 1308 Θηβαίου
1094 1239 1328 1293 Τειρεσίαο,

258 1289 490 1347 *χρύσεον
519 1297 738 1365 σκῆπτρον
754 1295 893 1362 ε’χων,
923 1295 993 1351 ἐμὲ
1024 1293 1067 1338 6’

1096 1294 1225 1349 ε’γνω,
1255 1297 1327 1338 καὶ
1356 1292 1605 1348 προσέειπε

380 1379 407 1400 ,,
427 1348 553 1392 Τίπτ’
583 1349 680 1392 αὕτ’
693 1384 702 1402 ,
735 1352 768 1394 03
799 1349 1002 1420 δύστηνε,
1034 1350 1176 1394 λιπών
1206 1350 1321 1405 φάος
1349 1349 1529 1406 ηἐλίοιο,

304 1402 488 1458 ἤλυθες,
520 1405 641 1459 ὄφρα
669 1409 742 1463 ἰ’δῃ
771 1407 928 1457 νέκυας
957 1407 1030 1451 καὶ
1059 1407 1243 1461 ατερπέα
1271 1423 1441 1474 χωρον,

305 1459 404 1503 ἄλλ’
439 1460 648 1517 ἀποχάζεο
678 1464 869 1519 βόθρου,
903 1463 1053 1519 α’πισχε
1083 1462 1129 1507 δὲ
1159 1464 1388 1518 φάσγανον
1416 1461 1510 1516 ὀξὺ,

223 1518 279 1562 95
309 1518 490 1574 αἵματος
519 1518 638 1575 ὄφρα
667 1521 775 1576 πίω,
803 1521 878 1564 καί
902 1537 967 1565 τοι
996 1520 1209 1577 νημερτέα
1239 1521 1357 1563 εἴπω.
1373 1522 1398 1545 “

139 1661 314 1707 κυμάτων
343 1665 550 1709 φαντασίας
572 1668 639 1700 etc.
672 1684 718 1691 --
761 1665 939 1711 ἀνδρὸς

140 1712 163 1746 6
172 1721 267 1745 υστ
304 1711 440 1755 virgula
472 1717 549 1758 post
572 1712 656 1747 haec
687 1714 793 1747 verba
817 1713 937 1747 distin-

140 1760 251 1801 guunt
267 1757 494 1799 recentiore53
517 1769 583 1791 ιιοιι
605 1758 684 1792 item
706 1759 820 1804 prisci,
843 1764 938 1793 certe

141 1802 219 1836 Ald.
243 1802 298 1842 3.‚
332 1808 368 1837 et
397 1808 493 1838 recte
516 1804 672 1848 quidem,
707 1806 812 1838 verbo
844 1807 938 1840 πυθ.

140 1847 333 1891 pertinente
372 1849 415 1881 ad
453 1845 596 1903 ἀνδρὸς
612 1874 623 1891 ,
662 1851 938 1894 quemadmodum

140 1893 252 1926 Thuc.
277 1892 320 1934 4,
343 1893 399 1927 6.:
434 1892 483 1935 ιὸς
505 1893 692 1930 ἐπύθοντο
722 1898 787 1939 τῆς
810 1895 938 1932 Πύλου

140 1937 433 1995 κατειλημμένης.
475 1952 508 1974 v.
533 1941 658 1974 matth.
690 1953 723 1986 p.
748 1942 826 1977 448.
859 1954 939 1988 per-

141 1995 257 2029 peram
281 1984 332 2018 E:
356 1986 399 2020 τὸ
426 1982 462 2019 οἱ.
488 1987 612 2021 δυστ.
638 1985 852 2041 καινότερον
877 1989 940 2023 πέ-

142 2040 323 2074 φρασται’
357 2031 398 2066 τὸ
413 2031 491 2088 γὰρ
515 2031 640 2068 κοινὸν
664 2029 782 2076 οὕτω,
817 2032 938 2080 σῆμά

140 2075 191 2111 τέ
212 2088 293 2120 μοι
314 2089 370 2121 χ.,
402 2075 545 2123 ἀνδρὶ
563 2078 777 2134 δυστήνῳ
801 2087 868 2114 etc.
894 2100 938 2105 —

141 2122 220 2157 καὶ
243 2120 329 2157 ἐσσ.
352 2123 613 2160 πνθεσθαι.
684 2126 808 2168 ,255,
831 2126 870 2159 11.
893 2124 939 2172 β’,

145 2170 217 2203 119.
257 2168 301 2203 cf.
323 2166 376 2212 γ’,
401 2171 468 2204 204
491 2177 554 2204 etc.
581 2190 626 2195 -—-
645 2139 939 2214 φτελευτήσω,

140 2213 325 2258 perficiam.
358 2213 402 2258 β’,
421 2217 488 2250 275
508 2221 572 2250 etc.
594 2236 636 2241 —
662 2215 785 2261 ἔρξω.
810 2218 940 2251 firmius

143 2264 323 2292 asseverat
346 2260 462 2295 addito
485 2273 679 2306 synonymo.
715 2275 748 2297 v.
773 2261 817 2309 β’,
837 2264 916 2299 685.

143 2306 279 2396 βδῗὲὸ
291 2303 370 2340 464.
414 2318 534 2351 στυγ.
543 2332 554 2349 ,
595 2308 738 2353 odiosis,
778 2310 939 2344 tristibus.

303 2355 368 2384 etc.

190 2396 247 2430 83.
295 2393 539 2439 ἀγορεῦον.
584 2397 631 2432 ita
666 2400 748 2434 Sch.
783 2404 818 2433 et
850 2400 940 2433 inter

145 2451 267 2474 versus
307 2442 425 2483 Harl„
462 2443 582 2477 merito
625 2444 809 2488 plaudente
840 2446 941 2480 Butt-

144 2496 278 2520 manno.
324 2467 447 2532 vulg6·
472 2486 657 2544 ἀγόρευεν.

191 2531 246 2565 85.
294 2532 375 2566 Sch.
408 2535 559 2568 emend:
595 2532 871 2571 Αὐτολύκου
895 2553 940 2561 —-

140 2572 246 2612 ’.Αντ
279 2589 298 2612 ο
325 2576 432 2622 λόγος
454 2576 520 2623 ἦν,
553 2578 766 2617 Ἀντίκλειαν
788 2581 852 2617 διοὲ
876 2578 941 2617 τόν

145 2620 272 2657 πόθον
301 2625 369 2658 τοῦ
398 2624 532 2666 παιδὸς
560 2625 717 2671 βρόχῳ
703 2626 839 2673 εαυτὴν
860 2625 941 2670 ἐξα-

146 2671 269 2711 γαγεῖν
298 2671 369 2705 τοῦ
394 2672 490 2716 βίον.
529 2672 582 2714 (ut
605 2674 786 2717 Epicasten
818 2675 940 2709 276-

146 2714 247 2768 278.)
279 2713 367 2749 idem
389 2721 499 2751 tamen
519 2716 661 2752 inferius
683 2719 726 2752 ad
750 2720 824 2754 197.
839 2731 847 2752 =
870 2717 937 2764 ούχ

147 2756 197 2798 ὡς
218 2759 254 2794 οὶ
276 2759 467 2805 νεώτεροι,
498 2775 555 2799 οτι
587 2763 722 2819 εαντὴν
747 2764 934 2819 ἀνήρτησε,

146 2805 345 2841 Ναυπλίου
376 2809 524 2849 ψευδως
553 2809 782 2853 μηνύσαντος
813 2808 936 2845 θάνα-

143 2861 209 2883 τον
226 2848 441 2893 Ὀδυσσέως.
473 2855 628 2899 Hyginus
649 2856 717 2889 fab.
738 2857 838 2892 243.·
862 2860 934 2889 An-

144 2895 257 2938 ticlea,
281 2898 534 2942 Autolycifilia,
559 2907 670 2935 mater
689 2903 825 2944 Ulyssis‚
848 2913 933 2935 nun-

982 1667 1127 1709 tersecit.
1173 1677 1327 1700 moerore
1372 1666 1558 1700 confectam
1599 1667 1684 1703 dicit
1727 1669 1782 1704 hie

983 1718 1098 1746 noster
1131 1712 1209 1746 201.
1242 1719 1278 1745 et
1304 1723 1421 1756 sequ„
1453 1711 1534 1745 nihil
1542 1714 1712 1771 amplius
1736 1735 1780 1740 —

983 1759 1055 1792 Am.
1080 1757 1124 1797 Q.
1149 1769 1220 1791 eme
1204 1757 1278 1790 nd.
1294 1769 1302 1789 :
1326 1756 1420 1792 ἀλλ’
1447 1755 1552 1792 οὐδ’
1575 1758 1633 1800 οὸς
1660 1760 1782 1796 εἴων.

983 1802 1194 1861 καρτερικός
1220 1800 1238 1838 6
1266 1801 1371 1846 ἥρως,
1396 1803 1465 1838 τοῦ
1481 1799 1588 1847 ἡδέος
1610 1804 1668 1842 ἀεὶ
1691 1819 1781 1852 προ-

983 1852 1116 1893 κρίνων
1139 1847 1181 1884 τό
1208 1849 1405 1892 συμφέρον.
1443 1850 1486 1882 cf.
1511 1849 1554 1884 E.

1029 1898 1085 1932 91.
1132 1893 1300 1939 χρύσεον
1325 1897 1524 1939 σκῆπτρον
1548 1895 1668 1940 ἔχων.
1708 1909 1780 1932 ma—

984 1941 1060 1975 lim:
1094 1943 1233 1985 χρυσοῦ
1265 1952 1317 1975 σκ.
1351 1941 1398 1983 εἴ,
1438 1947 1472 1975 et
1505 1941 1659 1977 similiter
1692 1943 1781 1977 infra

983 1989 1083 2026 568..
1108 1990 1244 2030 χρυσοῦ
1269 1988 1450 2031 σκῆπτρον
1474 1999 1622 2031 εχοντα,
1658 2001 1699 2023 ne
1723 1990 1781 2023 Ιιο·

985 2034 1216 2067 moeoteleutis
1257 2032 1326 2077 (οἷγ
1327 2032 1426 2068 λαὸν
1464 2033 1580 2075 υἱὸν,
1622 2032 1782 2079 χρύσεον

985 2081 1194 2123 σκῆπτρον)
1216 2079 1449 2113 obtundamur.
1483 2079 1558 2112 fieri
1577 2086 1686 2114 autem
1705 2085 1781 2124 pot-

986 2131 1048 2165 est,
1073 2132 1110 2158 ut
1133 2126 1222 2158 forte
1244 2125 1403 2178 scriptum
1421 2124 1560 2168 χρυσόν
1578 2125 1657 2158 data
1676 2136 1781 2170 opera

984 2175 1170 2204 mutaretur
1209 2171 1243 2203 in
1278 2169 1450 2213 χρύσεον,
1491 2181 1556 2214 quo
1590 2171 1781 2205 sententiae

984 2216 1190 2250 conteniret.
1237 2217 1289 2249 vel
1313 2216 1562 2260 interpretandi
1584 2216 1696 2261 gratia
1719 2216 1781 2251 ad·
1841 2243 1844 2249 ⁴

983 2262 1148 2306 scriptum
1187 2259 1340 2304 χρύσεον
1369 2262 1543 2304 genuinam
1575 2269 1679 2307 atque
1710 2262 1780 2296 ele-

983 2315 1118 2351 gantem
1143 2318 1257 2340 vocem
1292 2307 1431 2351 expulit.
1478 2307 1520 2340 de
1543 2307 1607 2341 hoc
1632 2319 1692 2341 usu
1717 2319 1779 2352 ge-

984 2353 1084 2385 nitivi
1109 2352 1233 2386 dictum
1266 2359 1319 2386 est
1343 2363 1420 2386 ann.
1443 2352 1486 2385 ad
1515 2350 1559 2395 ε’,
1583 2354 1637 2389 72.
1672 2356 1707 2387 et
1737 2354 1776 2387 ΙΙ.

983 2411 1027 2438 κ,
1051 2397 1128 2432 262.
1176 2395 1287 2452 ε’,χων
1321 2410 1381 2454 pro
1409 2396 1540 2453 ε’χουσα
1573 2398 1658 2432 dixit
1687 2397 1780 2442 πρὸς

985 2442 1026 2478 τό
1052 2443 1318 2491 σημαινόμενον
1340 2444 1382 2480 τὸ
1406 2441 1426 2480 6
1457 2446 1716 2489 Τειρεσίας,
1741 2450 1780 2478 ut

985 2489 1016 2523 E
1040 2486 1226 2524 annotavit.

1030 2535 1086 2569 92
1133 2546 1165 2568 v.
1200 2546 1274 2568 ann.
1306 2534 1349 2568 ad
1393 2536 1450 2570 60.
1506 2531 1633 2570 τίπτ’
1673 2529 1775 2570 αυτ’

984 2576 1186 2634 ἤλυθες,
1216 2581 1298 2624 quid
1319 2591 1436 2614 rursus
1465 2583 1607 2623 venisti,
1642 2581 1777 2616 concise

985 2625 1111 2659 dictum
1143 2623 1196 2658 est
1227 2637 1289 2670 pro
1322 2627 1385 2660 hoc
1416 2625 1469 2659 vel
1499 2627 1643 2672 quodam
1675 2626 1776 2662 simili

983 2668 1079 2705 τίπτ’
1112 2684 1160 2705 αι
1165 2683 1201 2706 τε
1224 2671 1361 2715 νοήσας
1382 2669 1536 2716 ἤλυθες,
1569 2673 1650 2717 quid
1680 2672 1776 2716 cogi-

982 2722 1079 2758 tans,
1104 2718 1229 2762 quidve
1252 2723 1409 2758 struens,
1433 2718 1561 2759 denuo,
1588 2729 1678 2752 more
1701 2722 1775 2758 tuo,

981 2763 1046 2795 huc
1081 2763 1276 2796 advenisti?
1316 2743 1422 2796 v.1l.
1447 2761 1499 2806 α’,
1521 2743 1600 2798 202.
1642 2763 1676 2796 id
1701 2773 1773 2796 cum

980 2808 1086 2841 minus
1104 2808 1324 2843 intellexisset
1340 2808 1544 2850 Zenodotus,
1568 2808 1662 2843 dedit
1680 2804 1774 2843 τίπτ’

979 2852 1118 2893 αὕτως,
1143 2860 1179 2887 ut
1202 2855 1310 2888 refert
1333 2854 1428 2888 Harl.

1023 2901 1168 2935 93-98.
1197 2898 1433 2942 α’τερπέαχ
1434 2912 1509 2944 .η,
1517 2896 1774 2935 279—02220-

144 2940 195 2973 cio
210 2942 303 2984 saluo
327 2945 446 2980 audito
471 2946 513 2981 de
541 2947 675 2990 Ulyaese,
708 2948 784 2992 ipsa
811 2957 847 2981 se
876 2948 930 2980 in·
974 2944 1055 2990 χαζ
1063 2957 1078 2980 ε
1089 2943 1250 2990 ο,χαζεο
1260 2946 1414 2987 abscede,
1425 2947 1517 2980 cede
1528 2944 1568 2979 ΙΙ.
1579 2943 1619 2986 ε’,
1629 2944 1773 2981 440etc.
