1846 3282
577 133 1169 179 ΟΔΤΣΣΕΙΛΣ
1222 133 1275 173 Κ.

1650 128 1761 174 ’73

302 249 412 283 solata
443 259 517 282 eum
543 247 646 282 Circe
675 245 782 290 dicit,
814 255 909 290 quae
938 255 1036 278 sacra
1067 242 1230 293 facienda
1261 242 1353 285 sint,
1390 243 1512 288 reique
1537 241 1687 288 feliciter
1710 241 1759 277 :ad

218 297 319 330 finem
343 293 587 340 perducendae
610 294 745 329 modum
768 302 898 326 omnem
923 289 1073 337 exponit.

320 361 405 414 Ὣς
435 361 632 432 ἐφάμην,
663 363 690 420 ἡ
721 362 766 409 δ’
800 357 948 407 αὐτίκ’
978 355 1177 428 ἀμείβετο
1207 356 1282 398 δῖα
1310 355 1485 400 θεάων·

252 419 497 474 ,,Διογενὲς
526 420 796 476 Λαερτιάδη,
828 411 1107 482 πολυμήχαν’
1135 412 1364 462 Ὀδυσσεῦ,

143 479 225 521 505
255 475 357 531 μήτι
388 493 457 519 τοι
486 476 704 531 ἡγεμόνος
731 493 780 531 γε
808 475 928 548 ποθή
959 469 1078 524 παρὰ
1108 470 1184 524 νηῒ
1211 467 1420 523 μελέσθω,

255 532 379 576 ἱστὸν
409 534 455 576 δὲ
480 545 664 603 στησας,
693 533 781 578 οένα
810 531 856 576 θ’
892 531 1006 575 ἱστία
1035 526 1171 573 λευκοὶ
1202 524 1432 579 πετάσσας,

255 583 412 658 ἧσθαι·
443 590 523 645 τὴν
553 592 600 635 δέ
629 592 676 635 κέ
705 607 774 634 τοι
803 587 938 643 πνοιή
970 583 1130 642 βορέαο
1164 582 1366 638 φέρῃσιν.

197 655 201 658 “
255 645 358 688 ἀλλ’
389 643 555 690 ὁπόταν
584 649 636 719 δὴ
666 650 742 703 νηὶ·
769 645 831 690 δι’
858 644 1089 718 ’.ῼικεανοῖο
1119 640 1326 694 περήσῃς,

255 699 353 746 ε”νθ
387 701 495 757 ἀκτή
523 703 566 747 τ’
597 703 791 760 ἐλάχεια,
821 703 896 746 καὶ
927 699 1058 743 ἄλσεα
1091 696 1435 752 Περσεφονείης,

144 761 226 804 510
255 762 421 814 μακραί
449 760 493 803 τ’
525 762 732 830 αἴγειροι,
761 761 834 803 καὶ
864 758 974 801 ἰτέαι
1004 754 1311 806 ωλεσίκαρποι

255 819 343 870 νῆα
372 816 451 870 μὲν
481 816 619 860 αὐτοῦ
650 818 801 861 κέλσαι
830 813 901 859 ἐπ’

928 812 1135 864 Ὠκεανῷ
1166 809 1404 866 βαθυδίνῃ,

255 871 387 920 αὐτὸς
417 872 457 916 6'
489 875 550 924 εἰς
575 873 722 918 Ἀΐδεω
753 874 866 917 ἰέναι
896 869 1036 926 δόμον
1067 867 1299 919 εὐρώεντα.

199 948 209 961 ι
257 929 368 971 ε’νθα
396 929 477 985 μὲν
507 932 568 982 εἰς
591 928 825 989 Ἀχέροντα
857 926 1214 982 Πυριφλεγέθων
1243 940 1288 967 τε
1320 920 1473 978 ῥέουσι

86 1050 264 1092 celui-ci,
297 1051 356 1096 qui
380 1064 422 1087 ne
456 1065 493 1088 se
525 1058 648 1090 trouve
673 1055 759 1090 dans
785 1066 898 1089 aucun

85 1104 184 1132 autre
208 1099 414 1144 manuscrit,
446 1101 482 1134 ni
515 1101 600 1135 dans
632 1114 764 1137 aucune
799 1109 900 1135 autre

85 1145 234 1178 edition:

155 1189 246 1233 ζωὸς
270 1187 365 1225 ἐών
390 1191 549 1236 χαλεπὸν
575 1191 616 1228 δε
641 1193 728 1236 τάγε
752 1195 902 1235 ζωοῖσιν

587 1237 764 1282 ὁρᾶσθαι.

88 1282 191 1316 Cette
215 1280 370 1316 addition
396 1283 457 1317 des
481 1288 568 1318 mots
589 1283 682 1328 ζωὸς
704 1285 786 1327 ἐών,
814 1296 904 1330 pour

88 1328 268 1372 expliquer
287 1328 510 1375 l'expression
530 1333 693 1375 generale
711 1331 814 1369 οὕπω
836 1344 904 1372 τις,

88 1376 171 1415 nul,
204 1378 290 1420 peut
321 1376 452 1409 donner
489 1389 557 1411 une
581 1380 660 1413 idee
691 1379 734 1414 de
767 1380 799 1412 la
831 1389 904 1411 ma-

90 1422 187 1454 niere
211 1420 294 1454 dont
314 1431 352 1454 se
376 1431 454 1456 sont
474 1423 578 1458 faites
603 1437 647 1458 un
673 1425 785 1469 grand
810 1436 904 1458 nom-

62 1503 68 1511 ,
90 1467 153 1501 bre
178 1464 210 1498 d’
215 1467 489 1511 interpolations.
502 1471 525 1488 “
561 1472 603 1504 D.
631 1472 794 1505 Montbel.

137 1514 351 1547 507—512.
402 1527 456 1558 φε
467 1528 623 1561 ρῃσιν,
649 1517 844 1551 abstulerit.
859 1534 906 1540 —

93 1556 210 1602 ἀκτή
234 1556 269 1592 τ’
296 1557 503 1615 ἐλάχεια.
544 1575 574 1597 v.
601 1575 678 1596 ann.
700 1564 743 1596 ad
769 1563 805 1603 ι’,
828 1564 906 1597 116.

91 1605 386 1648 -αἴγειροι,
423 1606 904 1651 13141‚s'‚238,239ete.

93 1670 137 1677 —
162 1650 302 1696 ἰτέαι,
327 1654 462 1687 salices.
481 1654 570 1699 11.φ
573 1635 690 1695 ’,350-
710 1675 754 1680 -
780 1653 907 1695 „aile-

93 1698 330 1752 σίκηαρποι.
365 1700 599 1757 Theophrast.
619 1701 711 1735 Hist.
737 1701 844 1746 plant.
871 1702 907 1741 3,

93 1746 141 1785 2.,
165 1743 287 1778 initio:
311 1763 358 1769 —-
376 1743 467 1781 ἀλλὰ
491 1745 559 1790 τὴν
577 1747 679 1782 ἰτέαν
702 1747 793 1791 ταχύ
814 1758 908 1789 προ-

95 1789 358 1835 καταβάλλειν,
383 1791 454 1835 πρὸ
481 1794 551 1829 τοῦ
565 1795 721 1849 τελείως
745 1792 908 1837 ἁδρυναι

94 1850 128 1872 κ.
166 1836 307 1879 πέψαι,
349 1836 417 1873 τὸν
449 1838 621 1885 καρπόν·
657 1838 717 1876 διὸ
748 1840 811 1875 καὶ
843 1838 909 1874 τὸν

95 1882 253 1938 ποιητὴν
287 1881 335 1919 οὐ
366 1887 490 1927 κακῶς
518 1886 810 1937 προσαγορεύειν
834 1883 907 1921 αὖ·

95 1928 164 1974 τήν
199 1929 540 1974 αἰλεσίκαρπον.
588 1934 674 1968 Plin.
704 1934 747 1969 H.
769 1933 814 1967 N.
852 1935 907 1975 16,

96 1978 172 2012 26..
197 1978 358 2020 ocyssime
382 1980 472 2012 salix
495 1981 628 2014 amittit
651 1991 785 2022 semen,
810 1984 910 2012 ante-

96 2034 200 2068 quam
225 2024 360 2058 omnino
379 2028 620 2061 maturitatem
642 2028 784 2068 sentiat,
808 2027 847 2059 ob
872 2025 910 2058 id

98 2072 192 2103 dicta
222 2071 372 2104 Homero
404 2072 628 2117 srugiperda3
662 2079 780 2107 secuta
811 2077 912 2106 aetas

97 2118 223 2150 scelere
246 2127 305 2150 suo
329 2118 562 2162 interpretata
587 2124 638 2153 est
662 2120 751 2153 hanc
775 2125 911 2152 senten-

99 2163 208 2206 tiam,
240 2165 378 2208 quando
410 2176 524 2199 semen
547 2167 663 2199 salicis
686 2167 821 2200 mulieri
844 2171 913 2199 ste-

100 2210 241 2243 rilitatis
264 2211 551 2246 medicamentum
577 2224 648 2246 esse
673 2218 817 2248 constat.
823 2214 846 2230 ‘⁶
882 2211 913 2244 E

103 2254 157 2288 Cl.
204 2256 308 2289 Sch.·
355 2254 506 2299 ω’λεση
548 2258 677 2303 ἐπειδὴ
712 2258 754 2294 τὸ
793 2255 916 2298 ἄνθος

103 2299 390 2360 ἀποβάλλουσιν.
430 2301 454 2348 ἢ
490 2304 569 2340 ἐπεὶ
595 2305 630 2341 οὶ
655 2306 825 2346 πίνοντες
851 2302 916 2338 ἄν·

103 2349 176 2388 θος
200 2346 298 2388 ἰτέας
322 2347 454 2394 ἄγονοι
477 2351 705 2395 διαμένουσι.
735 2372 780 2377 --
823 2350 915 2395 φησὶ

104 2391 145 2428 δὲ
173 2393 414 2439 Θεόφραστος
438 2396 477 2431 ἐν
501 2401 687 2440 Φυτικοῖς,
714 2398 781 2433 τόν
805 2396 916 2441 χυλὸν

103 2452 170 2483 της
195 2440 294 2482 ἰτέας
320 2443 520 2498 πινόμενον
545 2444 740 2490 ἀφανίζειν
760 2444 828 2490 τήν
852 2457 915 2487 γο-

105 2486 176 2531 νὴν
207 2500 284 2522 των
319 2486 545 2531 ανθρώπων.
593 2495 665 2528 Am.
705 2493 749 2533 Q.
782 2496 818 2525 et
855 2492 915 2526 B.-

104 2551 151 2558 —
176 2535 375 2578 σημειωσαι
408 2534 467 2571 ὅτι
500 2535 649 2582 ἄκαρπα
680 2552 783 2583 φυτα
815 2536 917 2573 εἶπεν

108 2577 203 2615 εἶναι
228 2579 267 2616 ἐν
291 2583 342 2626 τῷ
367 2580 467 2618 ἄλσει
491 2586 557 2628 τῆς
583 2584 827 2630 Περσεφόνης
852 2583 916 2618 διοὶ

105 2625 149 2662 τό
173 2631 317 2670 νεκροῖς
340 2629 549 2674 προσήκειν.
583 2633 627 2666 cf.
645 2635 726 2668 522.
746 2651 793 2657 —-
824 2630 917 2666 κέλ-

107 2684 197 2709 σαι.
239 2672 283 2718 ι’,
309 2674 375 2710 149
396 2682 464 2710 etc.
488 2695 534 2702 —
577 2675 831 2725 ειῗρῶεντα.
864 2675 918 2721 ψ’,

106 2721 200 2760 322,
231 2719 596 2766 m'‚1o,11.v¹‚65.

152 2767 243 2810 513,
267 2767 346 2801 514.
397 2770 468 2804 Αω.
494 2770 559 2810 Qu
595 2769 712 2807 ἔνθα
736 2783 821 2815 μεν
853 2769 922 2810 εἰς

105 2808 174 2857 Ἅχ.
209 2812 252 2849 vo·
286 2811 369 2858 ἑξῆς
402 2794 581 2859 ἕνθαμ.
614 2819 682 2859 εἰς
704 2817 775 2861 ’Al-
805 2819 919 2858 Πυρ.

109 2860 259 2896 τεκαὶ
286 2863 399 2895 Κωκ.
432 2861 608 2904 ῥέουσι.
649 2863 692 2900 τὰ
726 2863 767 2900 δε
802 2865 922 2908 σχῆμα

110 2908 275 2942 καλεῖται
298 2908 649 2963 προδιεζευγμένον,
675 2907 766 2946 όταν
790 2910 830 2946 τὸ
860 2923 923 2952 με-

110 2953 200 2995 ταξυ
235 2952 306 2989 δύο
332 2952 532 2997 ὀνομάτων
566 2955 695 2993 ἑνικων
718 2960 923 3013 πληθυντι-

110 2997 178 3035 κὸν
210 3001 305 3048 τεθῇ
336 3000 449 3048 ῥῆμα.
499 3004 610 3040 τοῦτο
650 3007 815 3041 καλεῖται
853 3002 923 3039 Ἀλ-

946 1049 1144 1106 κμανικόν,
1170 1062 1239 1095 ουχ
1265 1045 1323 1083 ὅτι
1334 1044 1500 1105 Ἀλκμὰν
1523 1057 1672 1103 πρωτος
1698 1056 1769 1078 αυ-

946 1101 998 1134 td
1023 1096 1224 1147 ιἐχρήσατο,
1259 1091 1343 1130 ἀλλ’
1368 1091 1427 1129 ὅτι
1450 1090 1546 1127 πολύ
1572 1089 1648 1126 ἐστι
1672 1085 1770 1131 παρ’

949 1145 1075 1190 αὐτῷ,
1111 1148 1192 1179 οἱον
1228 1144 1245 1185 (
1248 1142 1424 1176 Welcker.
1460 1140 1506 1174 fr.
1537 1140 1572 1174 3.
1605 1151 1638 1184 p.
1665 1140 1723 1172 21.
1737 1138 1769 1181 ),

949 1191 1142 1234 Κάστωρ
1168 1187 1323 1224 ωκέων
1346 1185 1517 1222 πώλων
1543 1183 1771 1229 ἐλατηρες

948 1237 1028 1273 καὶ
1063 1234 1388 1279 Πολυδεύκης.
1439 1230 1572 1277 ὅμοιον
1615 1230 1657 1267 δέ
1691 1231 1772 1266 ἐστι

949 1283 992 1320 τὸ
1019 1285 1140 1327 σχῆμα
1165 1282 1222 1326 (Π.
1244 1280 1279 1316 ν’
1291 1307 1301 1323 ,
1328 1280 1446 1323 138.),
1485 1279 1520 1314 εἰ
1542 1276 1583 1313 δέ
1606 1276 1640 1313 κ’
1658 1274 1771 1325 ”Αρης

949 1330 1088 1389 ἄρχωσι
1112 1327 1230 1373 μάχης
1264 1324 1289 1372 ἢ
1317 1328 1493 1370 Φοῖβος
1522 1311 1772 1365 Ἀπόλλων,

950 1392 1012 1413 και
1038 1377 1095 1419 (ΙΙ.
1123 1375 1161 1416 ε’,
1186 1373 1312 1418 774),
1339 1373 1456 1408 ἔνθα
1481 1370 1598 1414 ῥοοὶς
1623 1370 1772 1415 Σιμό-

952 1437 1021 1464 εις
1053 1421 1382 1467 συμβάλλετον
1426 1416 1511 1463 ἠδὲ
1546 1417 1645 1452 Σκιῖ
1658 1431 1774 1461 μαν-

953 1472 1075 1525 δρος.
1120 1469 1315 1502 notationes
1347 1468 1466 1500 horum
1499 1464 1675 1498 fluminum
1708 1474 1775 1498 no-

952 1517 1103 1551 tissimas
1130 1514 1330 1548 adscribere
1354 1511 1564 1557 supersedeo
1590 1524 1609 1545 e
1631 1510 1776 1545 scholiis

953 1568 990 1597 et
1013 1561 1219 1606 Apollodoro
1254 1561 1334 1593 fram
1314 1571 1378 1603 gm.
1412 1570 1446 1603 p.
1477 1559 1690 1593 391—393.
1717 1557 1774 1590 ed.

953 1610 1031 1652 Hey
1036 1619 1068 1641 n.
1081 1607 1173 1651 ‚qui
1199 1607 1243 1639 de
1269 1608 1466 1639 Acheronte
1490 1604 1649 1661 quidem
1654 1603 1777 1637 laudat

953 1621 1031 1689 illay
1039 1652 1222 1698 Sophoclis
1247 1652 1449 1695 Polyexena
1485 1649 1601 1690 (ἐκτᾶς
1626 1664 1778 1685 απαιω-

954 1714 1023 1740 νας
1042 1711 1080 1734 τε
1095 1699 1156 1734 καὶ
1177 1700 1431 1754 μελαμβαθεῖς
1450 1698 1624 1733 Λιποῦσα
1645 1698 1779 1754 λίμνης

954 1745 1097 1793 ἦλθον,
1123 1741 1284 1790 ἧχούσης
1308 1743 1434 1788 γόους,
1454 1742 1665 1788 Ἀχέροντος
1690 1741 1779 1786 ὀξυ-

954 1795 1099 1838 πλῆγος.
1139 1792 1283 1826 eundem
1308 1791 1448 1825 fluvium
1475 1797 1510 1825 et
1534 1792 1707 1835 Cocytum
1734 1791 1780 1824 ad

957 1838 1202 1893 Thesprotiam
1236 1838 1345 1872 refert
1379 1839 1780 1892 Paus.1,17.‚quo

953 1887 1030 1921 loco
1057 1884 1186 1918 'lhesei
1213 1884 1388 1918 historiam
1414 1895 1646 1941 persequens:
1675 1881 1715 1923 ἐς
1739 1881 1780 1917 δε

953 1933 1024 1976 την
1048 1930 1220 1976 τελευτήν
1244 1930 1314 1986 τήν
1340 1930 1503 1974 Θησέως,
1528 1930 1663 1975 inquit,
1687 1933 1781 1964 πολ-

956 1980 1002 2015 λοὶ
1034 1978 1107 2022 ἤδη
1141 1992 1173 2013 κ.
1207 1975 1276 2021 οὐχ
1303 1975 1578 2034 ⁹“mokoyovvvot
1613 1977 1780 2031 εἴρηται·

959 2025 1139 2061 δεδέσθαι
1165 2023 1236 2066 γάρ
1263 2021 1382 2059 αὐτὸν
1408 2024 1575 2066 λέγουσιν
1609 2023 1646 2065 ἐς
1678 2021 1782 2064 τόδε,

960 2072 1030 2112 ἕως
1064 2068 1137 2115 νφ’
1171 2068 1392 2131 Ηρακλέοι·ς
1423 2069 1620 2114 ἀναχθείη.
1661 2072 1783 2106 πιθα-

959 2118 1110 2155 νώτατα
1136 2116 1177 2153 δε
1203 2122 1255 2153 ὠν
1280 2117 1444 2162 ἤκουσα·
1481 2116 1627 2161 Θησευς
1652 2115 1688 2158 ἒς
1715 2118 1783 2152 Θε-

961 2164 1159 2208 σπρωτούς
1185 2162 1377 2212 ἐμβαλων,
1410 2166 1480 2200 τοῦ
1505 2164 1683 2220 βασιλέως
1707 2164 1784 2197 τῶν

964 2212 1197 2257 Θεσπρωτῶν
1221 2216 1382 2269 γυναῖκα
1403 2209 1598 2255 ἁρπάσων,
1622 2209 1663 2245 τὸ
1685 2208 1783 2244 πολυ

961 2261 1027 2302 τῆς
1051 2261 1224 2300 στρατιᾶς
1249 2256 1369 2300 οὕτως
1391 2258 1584 2299 ἀπόλλυσι,
1610 2272 1642 2292 κ.
1668 2255 1785 2313 αὐτός

961 2318 1000 2341 τε
1025 2319 1058 2339 κ.
1085 2307 1292 2347 Πειρίθους
1316 2326 1361 2331 —
1386 2303 1556 2350 η’λωσαν,
1581 2317 1614 2338 κ.
1641 2316 1740 2348 σφας
1763 2301 1782 2338 ὁ

965 2349 1184 2392 Θεσπρωτὸς
1209 2351 1325 2394 δήσας
1346 2350 1438 2396 εἶχεν
1462 2352 1500 2388 ἐν
1523 2349 1684 2394 Κιχύρῳ.
1718 2350 1787 2393 τῆς

963 2398 1004 2434 δὲ
1037 2400 1105 2441 γῆς
1137 2400 1204 2442 τῆς
1224 2401 1492 2442 ’Θέσπρωτιδος
1517 2397 1592 2434 ἐστὶ
1617 2396 1684 2440 μέν
1707 2408 1785 2430 που

962 2460 993 2481 κ.
1024 2441 1115 2480 ἄλλα
1149 2445 1243 2486 θέας
1277 2445 1385 2489 ἄξια,
1422 2445 1523 2491 ἱερόν
1553 2456 1590 2479 τε
1616 2442 1709 2484 Διὸς
1746 2442 1786 2477 ἐν

964 2490 1146 2549 Δωδώνῃ,
1170 2505 1202 2527 κ.
1221 2491 1302 2536 ἱεροὶ
1323 2494 1393 2528 τοῦ
1411 2494 1507 2528 θεοῦ
1529 2488 1658 2546 φηγός·
1692 2503 1789 2532 πθῠς

964 2536 1004 2573 ὸε
1030 2552 1074 2584 τη
1102 2538 1250 2595 Κιχύρῳ
1270 2540 1378 2583 λίμνη
1405 2539 1443 2574 τέ
1464 2539 1561 2574 ἐστιν
1578 2535 1789 2580 Ἀχερουσία

963 2584 1192 2629 καλουμένη,
1217 2601 1250 2623 κ,
1274 2584 1441 2627 ποταμός
1461 2583 1633 2627 Ἀχέρων,
1659 2583 1720 2626 ῥεῖ
1744 2582 1786 2618 δὲ

965 2632 1027 2666 καὶ
1042 2633 1230 2674 Κωκυτὸς,
1248 2631 1350 2676 ὕδωρ
1366 2632 1654 2686 ἀτερπέστατον·
1671 2627 1791 2674 1’Όμη-

966 2677 1033 2734 ρός
1056 2677 1094 2713 τὲ
1119 2692 1182 2722 μοι
1208 2682 1314 2715 δοκεῖ
1344 2680 1463 2714 ταῦτα
1489 2675 1661 2720 εωρακώς
1688 2676 1726 2718 ἔς
1751 2689 1790 2712 τε

967 2722 1050 2782 τὴν,
1075 2723 1191 2769 ἄλλην
1230 2728 1381 2770 ποίησιν
1419 2722 1680 2767 ἀποτολμῆσαι
1713 2736 1791 2758 των

969 2770 1008 2808 ἐν
1035 2768 1157 2817 ᾅδου,
1192 2785 1227 2807 κ.
1262 2771 1307 2816 δή
1344 2771 1406 2806 καὶ
1440 2769 1487 2806 τὰ
1515 2769 1683 2814 ὀνόματα
1709 2773 1792 2811 τοῖς

968 2821 1168 2862 ποταμοῖς
1177 2817 1252 2854 α’πὸ
1277 2832 1352 2853 των
1387 2818 1427 2853 ἐν
1457 2818 1690 2860 Θεσπρωτίδι
1724 2817 1792 2852 θέ-

970 2867 1074 2899 σθαι.
1125 2865 1214 2898 idem
1255 2865 1362 2899 sentit
1392 2865 1602 2899 Montbelius
1639 2876 1673 2909 p.
1712 2865 1792 2900 173.

969 2916 1006 2944 at
1031 2915 1151 2944 contra
1178 2912 1262 2944 haec
1287 2921 1380 2945 mera
1401 2914 1581 2956 poffltarum
1602 2914 1791 2944 commenta

969 2969 1046 2991 esse
1071 2957 1232 2990 videntur
1251 2958 1422 2991 Viilckero
1445 2969 1478 3003 p.
1503 2958 1581 2993 153.
1618 2957 1664 2990 cf.
1689 2957 1789 2989 Voss.

969 3004 1062 3038 urst.
1094 3004 1232 3039 maner
1257 3005 1290 3040 2.
1316 3016 1349 3050 p.
1370 3003 1579 3039 348—353.
1599 3021 1642 3029 -
1675 3004 1791 3046 „nv-
