1856 3282
559 112 1151 154 ΟΔΥΣΣΕΙΑΣ
1209 115 1259 152 Α.

1681 118 1736 158 19

233 221 391 276 πέμψω
422 221 470 265 δὲ
498 220 711 276 Σπάρτην
739 237 784 265 τε
811 221 886 265 καὶ
913 221 959 272 ἐς
989 220 1147 265 Πύλον
1177 219 1446 278 ἠμαθόεντα,

233 277 394 322 νόστον
421 278 698 333 πευσόμενον
730 277 898 331 πατρὸς
926 279 1087 333 φίλου,
1118 276 1175 333 ἦν
1202 294 1293 322 που
1326 278 1510 336 ἀκούσῃ,

152 338 205 380 95
236 332 311 392 ἠδ’
342 337 416 379 ἵνα
445 351 522 391 μιν
551 336 678 387 κλέος
708 335 873 379 ἐσθλόν
903 335 951 379 έν
982 333 1288 390 ἀνθρώποισιν
1318 335 1478 393 ἔχῃσιν.
1496 340 1524 360 “

283 438 378 472 coelo
403 437 546 483 delapsa
567 438 683 488 Pallas
707 439 771 473 sub
795 449 944 484 persona
969 437 1123 481 Mentae,
1148 437 1365 484 Taphiorum
1386 438 1494 484 regis,
1527 444 1675 487 apparet
1696 442 1730 476 in

200 483 344 518 aedibus
368 485 516 530 Ulyssis.

272 550 358 602 “Q
387 551 566 596 εἷποῦσ’
595 552 684 596 ὑπὸ
714 553 876 596 ποσσὶν
906 550 1091 607 ἐδήσατο
1119 550 1232 595 καλοὶ
1262 552 1430 602 πέδιλα,

233 605 474 662 οἷμβρόσια,
505 608 707 665 χρύσεια,
738 609 792 652 τά
821 626 896 665 μιν
927 609 1069 663 φέρον
1097 605 1207 663 ἠμὲν
1238 608 1314 665 ἐφ’
1343 608 1501 667 ὑγρὴν,

231 663 308 719 ἧδ’
339 664 411 709 ἐπ’
441 665 653 720 ἀπείρονα
681 672 834 722 γαῖαν,
865 666 957 720 ἅμα
986 669 1146 721 πνοιῇς
1176 663 1382 729 ἀνέμοιο·

232 723 392 776 [εἵλετο
415 721 464 766 ’δ’
495 722 681 778 ἄλκιμον
710 724 855 779 ἔγχος,
890 722 1139 778 ἀκαχμένον
1170 722 1260 773 ὀξέι·
1290 726 1449 781 χαλκῷ,

121 783 202 823 100
231 778 394 834 βριθὺ,
423 779 555 835 μέγα,
587 780 822 837 στιβαρὸν,
853 783 914 836 τῷ
947 779 1313 848 δάμνησιἸστίχας
1343 779 1522 836 ἀνδρῶν

229 834 411 890 ἡρώων,
442 838 630 880 τοῖσίντε
658 838 908 881 κοτέσσεται
938 837 1298 892 ὀβριμοπατρη·]

231 894 289 947 βῆ
319 893 364 935 δὲ
393 892 493 935 κατ’
526 892 786 948 Οὐλύμποιο
817 894 1025 949 καρήνων
1056 891 1236 943 ἀΐξασα·

229 951 308 1002 στῆ
339 947 383 992 δ’
410 948 584 1003 Ἰθάκης
613 951 674 994 ἐνὶ
708 951 850 1009 δήμῳ,
882 950 950 993 ἐπὶ
980 948 1228 1017 προθύροις
1253 946 1480 1019 Ὀδυσῆος,

199 1007 208 1012 ’
228 1003 369 1048 οὐδοῦ
398 1005 469 1049 ἐπ’
501 1007 701 1051 αὐλείου·
738 1007 915 1064 παλάμῃ
946 1005 989 1049 δ’
1022 1007 1086 1062 ἔχε
1116 1011 1302 1061 χαλκεον
1332 1006 1468 1062 ἔγχος,

116 1064 195 1106 105
224 1063 425 1119 εἰδομένη
456 1064 603 1122 ξείνῳ,
642 1067 828 1122 Ταφίων
863 1063 1046 1121 ἡγήτορι
1069 1063 1248 1120 ΡΛέντῃ.

53 1195 129 1228 em.
160 1185 199 1222 ἐκ
229 1185 367 1232 μέρους
392 1188 455 1224 καὶ
490 1187 583 1225 ἄλλα
605 1190 757 1236 νοητὲον
779 1192 867 1234 ζῶα,

57 1231 167 1277 αἶγάς
185 1246 235 1275 τε,
261 1234 310 1274 ὠς
325 1235 481 1280 δηλώσει
497 1250 572 1272 που
598 1239 654 1281 (¹21)
679 1235 697 1273 ὁ
719 1238 868 1273 ,Μελάν-

53 1282 167 1322 θιος,
198 1280 260 1315 καὶ
289 1282 405 1323 σύας,
431 1279 479 1322 (ὃς
508 1281 547 1317 ἐκ
573 1286 642 1318 τοῦ
668 1285 804 1327 (malim
829 1283 867 1319 ἔκ

54 1338 145 1368 του,
183 1325 220 1361 ἔκ
246 1340 368 1369 τινος,
402 1340 445 1362 ex
477 1329 567 1362 dicto
592 1331 760 1374 quodam,
794 1332 868 1364 sor-

54 1377 149 1407 tasse
165 1372 209 1416 ρ’,
227 1372 334 1418 246.)
358 1372 531 1417 Εὐμαίου
551 1376 779 1419 φανήσεται,
805 1377 867 1412 ἵνα

53 1418 138 1463 λέγῃ
155 1420 218 1454 καὶ
235 1421 306 1454 νῦν
327 1422 448 1464 μῆλα
472 1421 519 1455 τὰ
539 1423 747 1465 θρέμματα.
781 1424 815 1456 h.
835 1435 866 1457 e.

51 1475 179 1509 pecora
192 1491 200 1506 ‚
226 1477 292 1500 non
314 1468 422 1500 solum
441 1479 592 1503 ove5.-·v.
611 1468 653 1510 ξ’,
674 1470 753 1509 105,
773 1471 864 1510 106.,

51 1511 94 1544 11.
110 1509 153 1552 ξ’,
172 1511 266 1552 124.,
296 1509 350 1555 ψ’,
370 1514 448 1547 147.
479 1529 542 1561 ἢ,
559 1514 644 1549 καὶ
666 1533 713 1540 -
737 1516 866 1561 βοῦς.

51 1567 84 1591 v.
109 1568 186 1591 ann.
206 1557 249 1591 ad
265 1557 307 1593 ΙΙ.
331 1556 366 1600 ι’,
382 1558 462 1593 466.

96 1615 152 1648 93.
181 1613 371 1659 ,πέμψω
395 1613 444 1651 δὲ
469 1614 698 1661 Σπάρτην
721 1630 770 1654 τε
794 1622 864 1653 etc.

50 1661 248 1704 conjectura
268 1661 335 1695 hoc
352 1664 488 1708 reperit
507 1664 707 1706 Schiiserus‚
731 1665 864 1698 firmat-

50 1717 118 1751 que
146 1709 187 1741 A.
209 1707 266 1748 5.‚
297 1707 333 1742 in
353 1720 420 1753 quo
441 1709 569 1754 legitur
593 1724 631 1745 π.
653 1710 692 1745 δ’
713 1708 750 1750 ἐς
769 1711 863 1753 πάρ-

48 1764 128 1798 την.
175 1753 304 1797 vulgo:
344 1767 382 1788 π.
413 1752 447 1789 δ’
476 1755 512 1796 ἐς
542 1758 615 1790 Σπ.
662 1769 695 1791 v.
735 1759 861 1792 Matth.

49 1800 83 1842 §-
104 1800 185 1840 595,
206 1800 239 1834 4.
264 1801 386 1834 menda
416 1802 517 1836 simiii
541 1804 621 1837 286.
650 1806 689 1838 A.
709 1805 763 1838 5.=
791 1807 864 1839 κεῖ-

49 1847 122 1880 θεν
145 1844 184 1880 δ’
205 1843 243 1885 ἐς
260 1848 439 1893 Σπάρτην
464 1861 514 1884 τε.
541 1868 586 1874 -
611 1849 861 1895 Σπάρτην.

49 1890 91 1925 11.
115 1890 160 1938 β’,
178 1893 256 1927 582.
279 1896 346 1927 etc.
375 1914 416 1919 -
453 1893 624 1931 Πύλον.
653 1909 685 1931 v.
706 1896 748 1941 γ’,
769 1897 801 1932 4.
827 1902 862 1931 et

50 1948 127 1972 ann.
157 1938 200 1971 ad
226 1938 266 1972 11.
293 1937 340 1981 α’,
371 1939 452 1977 247.
484 1961 530 1967 ——-
563 1940 860 1986 ἠμαθόεντα.

48 1981 96 2029 β’,
112 1984 204 2027 214.,
226 1983 266 2018 11.
287 1981 334 2031 β’,
354 1987 410 2022 77.
428 1992 497 2022 etc.
529 1988 569 2024 A.
589 1989 646 2024 3.:
670 1987 860 2037 ἠμαθόεσ-

48 2040 138 2072 σαν,
160 2036 200 2064 ut.
217 2028 386 2077 ἠγαθέην
404 2031 449 2079 β’,
465 2036 545 2070 308.
569 2043 636 2070 etc.

90 2088 147 2124 95.
195 2092 230 2122 et
261 2093 302 2123 ut
330 2090 403 2134 ipse
428 2091 553 2125 bonam
577 2095 720 2136 samam
749 2093 860 2127 homi-

43 2144 124 2168 num
146 2134 306 2178 acquirat
331 2145 476 2181 propter
495 2138 645 2173 studium
669 2140 859 2185 quaerendi

43 2179 176 2225 patris,
212 2178 264 2221 ὡς
294 2183 528 2218 κοπιάσαντα
556 2182 651 2230 ὑπὲρ
690 2187 759 2221 τοῦ
788 2200 859 2222 πα-

43 2223 140 2268 τρὸς,
165 2229 205 2260 ut
223 2227 272 2261 ait
289 2227 332 2262 E.
367 2230 457 2274 quod
478 2231 628 2275 subjicit,
654 2244 757 2277 posse
772 2233 858 2267 haec

44 2272 146 2306 etiam
166 2272 217 2306 sic
234 2273 400 2320 intelligi:
426 2273 523 2313 ὅπου
544 2277 650 2324 φήμη
670 2277 742 2323 ἔχει
761 2277 858 2314 εἶναι

0 2350 1 2356 ,
40 2318 110 2365 τὸν
127 2317 333 2360 Ὀδυσσέα,
357 2330 518 2367 nugatur.
569 2326 633 2359 ἴνα
663 2340 728 2370 μιν
754 2325 858 2366 κλέος

0 2362 1 2410 J
43 2361 178 2400 ἐσθλόν
209 2364 350 2412 ἔχῃσιν,
375 2376 413 2402 ut.
430 2369 470 2403 11.
491 2368 534 2415 ρ’,
556 2371 654 2406 143.:
689 2369 715 2417 ἦ
731 2371 768 2408 σ’
788 2370 858 2407 αὔ-

0 2431 1 2450 ,
43 2423 115 2450 τως
130 2409 231 2452 κλέος
253 2412 388 2450 ἐσθλὸν
409 2414 490 2459 ἔχει,
514 2417 571 2451 ubi
591 2430 624 2452 v.
644 2430 722 2452 ann.
745 2419 855 2453 minus

43 2457 130 2491 bene
148 2455 301 2494 Rhianus
320 2461 374 2496 ed.
397 2462 600 2507 Odysseae,
624 2470 715 2500 teste
737 2466 854 2500 Schol.

42 2501 163 2536 Bari:
188 2501 348 2542 ἀνθ-σι
370 2507 515 2555 λάβῃσι.

87 2561 239 2596 96—98.
286 2561 327 2603 ll.
355 2562 408 2607 ω’,
440 2567 638 2605 340—342.
677 2564 854 2614 ὑγρὴν,

0 2602 1 2686 j
39 2605 240 2695 gumar-em,
261 2619 392 2652 aquas,
417 2623 522 2648 mare.
573 2627 604 2650 v.
633 2626 713 2649 ann.
743 2617 788 2650 ad
812 2616 854 2649 Il.

86 2711 261 2747 99-101.
296 2722 417 2746 versus
429 2716 548 2750 merito
562 2719 726 2765 suspecti.
752 2719 852 2754 Sch.=

0 2780 1 2783 =
35 2753 270 2793 ’ἄθετοῦνται
285 2757 378 2802 μετα
401 2757 643 2806 ἀστερίσκων,
670 2764 729 2800 ὅτι
750 2766 788 2800 ἐν
807 2767 852 2810 τῇ

34 2805 107 2848 τῆς
125 2801 279 2844 Ἰλιάδος
298 2806 429 2846 καλῶς.
476 2809 607 2845 scilicet
626 2812 767 2856 primum
790 2825 851 2846 ne-

35 2851 113 2884 scio
129 2850 205 2896 quis
224 2851 418 2896 incogitans
438 2853 622 2901 adscripsit
640 2860 711 2899 99.‚
735 2860 850 2892 suble-

33 2895 129 2930 &tum
147 2896 182 2930 in
201 2897 328 2938 Iliade,
353 2898 396 2940 κ’,
421 2901 499 2934 135.
512 2926 521 2944 ,
547 2913 645 2946 quem
664 2915 799 2938 versum
818 2905 848 2938 si

35 2940 93 2976 hic
111 2954 248 2989 quoque
269 2943 370 2979 Hom.
390 2946 574 2991 intulisset,
600 2950 759 2994 profecto
781 2963 847 2985 non

21 2986 182 3024 dixisset
205 2991 476 3038 ταντολογικῶς
502 2994 581 3030 104.
618 2995 769 3043 παλάμῃ
805 2995 848 3032 δ’

915 1187 971 1233 ἔχε
998 1186 1152 1233 χάλκεον
1179 1187 1301 1231 ἓγχοςτ
1327 1187 1454 1222 deinde
1475 1188 1518 1222 ad
1543 1189 1630 1223 haec
1649 1200 1728 1224 rur—

913 1247 971 1269 sus
991 1237 1077 1269 alius
1098 1236 1247 1279 ejusdem
1263 1234 1385 1278 judicii
1413 1234 1542 1278 adjecit
1562 1236 1622 1269 illa
1642 1237 1728 1282 βρι-
1756 1257 1757 1260 =

912 1281 967 1316 θιὶ
985 1301 1029 1306 —
1048 1280 1326 1327 ὀβριμοπάτρη,
1350 1291 1440 1325 quae
1452 1285 1524 1314 tam
1547 1288 1629 1326 apta
1649 1288 1728 1317 sunt

913 1329 1017 1361 rebus
1036 1328 1173 1365 Iliadis,
1199 1325 1237 1368 ε’,
1257 1327 1358 1366 746.,
1384 1338 1483 1371 quam
1503 1327 1556 1360 his
1576 1328 1703 1373 inepta.

962 1375 1062 1454 102.4
1087 1374 1127 1407 ΙΙ.
1149 1372 1194 1420 β’,
1217 1375 1313 1414 167.,
1338 1370 1384 1414 δ’,
1400 1372 1476 1416 74.,
1500 1371 1542 1418 χ’,
1565 1375 1644 1409 187.
1679 1376 1726 1411 cf.

911 1420 952 1456 ΙΙ.
974 1418 1020 1460 α’,
1066 1420 1098 1453 4.

959 1466 1154 1501 103—105.
1200 1461 1392 1509 Ἰθάκης
1415 1462 1487 1499 ἐνὶ
1506 1465 1659 1512 δήμῳ,
1684 1465 1726 1502 ἐν

909 1509 1151 1556 Ἰθακησίοις,
1178 1509 1229 1550 ὥς
1260 1510 1323 1545 καὶ
1350 1509 1432 1553 μετ’
1457 1509 1564 1554 ὀλίγα
1587 1514 1725 1559 (237.)

909 1556 1003 1600 ἐρεῖ·
1035 1557 1206 1601 Τρώων
1230 1554 1299 1592 ἐνὶ
1325 1556 1478 1604 δήμῳ.
1501 1558 1725 1604 ExE.prae-

908 1610 1006 1638 terea
1030 1605 1083 1641 Cl.
1109 1604 1264 1638 laudavit
1293 1601 1446 1647 0'‚532.‚
1477 1602 1527 1647 π’,
1545 1605 1638 1649 418.,
1671 1605 1725 1650 ω’,

909 1652 990 1685 283.
1024 1671 1069 1677 -
1107 1651 1326 1694 Ταφίων.
1361 1650 1448 1683 satis
1473 1651 1638 1696 frequens
1669 1658 1725 1687 est

909 1696 1121 1742 Taphiorum
1158 1697 1284 1731 mentio
1311 1696 1346 1729 in
1375 1696 1547 1741 Odyssea.
1595 1699 1723 1733 Strabo

911 1745 966 1784 10,
987 1745 1034 1785 2.,
1056 1755 1090 1788 p.
1110 1742 1190 1778 343.
1218 1743 1272 1776 ed.
1296 1742 1508 1785 Tauchniz.‚
1541 1750 1724 1790 postquam

908 1789 999 1823 dixit
1046 1792 1090 1823 de
1129 1789 1367 1823 Echinadibus
1408 1788 1553 1833 aliisque
1591 1790 1723 1834 insulis

909 1847 999 1879 quae
1030 1837 1259 1870 Acarnaniam
1292 1836 1469 1879 adjacent:
1507 1836 1546 1870 αὶ
1578 1835 1619 1871 δὲ
1646 1840 1724 1872 τῶν

914 1884 1072 1924 Ταφίων
1109 1883 1256 1929 νῆσοι,ἡ
1276 1881 1413 1926 inquit,
1458 1880 1642 1927 πρότερον
1681 1883 1723 1920 δὲ

912 1928 1132 1973 Τηλεβοῶν,
1159 1924 1211 1962 ὦν
1233 1930 1280 1972 ἠν
1299 1927 1362 1963 καὶ
1384 1925 1407 1972 ἡ
1431 1927 1564 1969 Τάωος
1589 1931 1721 1975 (417.),

906 1977 976 2009 νῦν
1008 1974 1047 2010 δὲ
1088 1976 1308 2018 Ταφιοῦσα,
1347 1976 1579 2020 καλουμένη,
1612 1978 1723 2022 χωρὶς

905 2016 1001 2067 ἦσαν
1022 2020 1177 2062 τούτων,
1202 2020 1247 2057 οὐ
1266 2025 1346 2061 τοῖς
1366 2021 1611 2076 διεαστήμασιν
1635 2023 1721 2070 (ἐγ-

904 2068 971 2114 γύς
990 2068 1060 2114 γὰρ
1076 2069 1254 2113 κεῖνται),
1278 2066 1370 2104 ἀλλὰ
1388 2065 1458 2111 υφ’
1481 2068 1621 2113 ἑτέροις
1637 2067 1722 2116 ἦγε-

904 2116 994 2160 μόσι
1029 2116 1271 2158 ταττόμεναι,
1316 2116 1479 2159 Ταφίοις
1509 2117 1570 2152 καὶ
1605 2119 1720 2159 Τηλε-

904 2161 1025 2207 βόαις.
1049 2161 1283 2207 (corrigenda
1303 2161 1382 2196 hinc
1403 2167 1457 2195 est
1478 2164 1654 2212 annotatio
1674 2165 1718 2198 ad

905 2209 944 2244 ΙΙ.
971 2208 1015 2253 β’,
1048 2209 1155 2253 625.)
1188 2208 1371 2252 πρότερον
1398 2206 1465 2252 μὲν
1493 2212 1563 2244 οὐν
1591 2208 1719 2254 Ἀμφι-

903 2255 1027 2296 τρύων
1053 2253 1338 2297 ἐπιστρατεύσας
1367 2252 1499 2296 αὐτοῖς
1521 2253 1616 2299 μετᾶ
1641 2259 1717 2293 Κε-

905 2302 1027 2346 φάλου
1057 2303 1127 2337 τοῦ
1155 2300 1365 2346 Δηϊονέως,
1397 2299 1434 2345 ἐξ
1451 2299 1618 2348 Ἀθηνῶν
1639 2317 1718 2348 φυ-

903 2348 1040 2394 γάδος,
1076 2347 1203 2394 ἐκείνῳ
1242 2347 1311 2392 τήν
1349 2346 1468 2392 οἷρχήν
1503 2349 1717 2393 παρέδωκεν

903 2393 1049 2430 αὐτῶν·
1076 2394 1096 2431 ὁ
1125 2393 1165 2430 δὲ
1190 2390 1350 2439 ποιητής
1368 2393 1444 2431 ὑπὸ
1466 2396 1594 2442 Μέντῃ
1612 2397 1717 2433 τετά-

901 2445 993 2486 χθαι
1013 2442 1117 2488 φησὶ,
1141 2440 1275 2487 λῃστὰς
1293 2443 1416 2476 καλῶν
1437 2440 1590 2483 αὐτούς,
1614 2446 1715 2478 καθ·-

901 2487 994 2534 ‹inq›
1041 2488 1104 2523 καὶ
1150 2487 1241 2529 τούς
1300 2486 1492 2533 Τηλεβόας
1548 2487 1716 2531 ἅπαντάς

901 2548 1005 2577 φασι.
1054 2535 1239 2579 Lelegibus
1258 2538 1294 2569 et
1312 2535 1469 2578 Pelasgis
1487 2545 1714 2571 annumeran-

899 2589 958 2616 tur
972 2608 982 2624 ,
1006 2583 1240 2626 barbarosque
1257 2593 1316 2614 eos
1335 2581 1504 2625 appellari
1521 2582 1611 2616 haud
1630 2583 1715 2617 nolit

899 2629 1030 2663 Strabo
1053 2630 1088 2670 7,
1108 2629 1154 2668 7.,
1180 2638 1212 2671 p.
1246 2625 1323 2662 115.
1348 2632 1574 2675 mercaguram
1599 2634 1712 2664 autem

900 2675 1066 2709 facientes
1093 2674 1201 2716 (183,
1229 2673 1335 2716 184.)
1359 2672 1456 2706 simul
1481 2674 1612 2718 rapinis
1635 2687 1711 2710 ma-

898 2721 1020 2754 ritimis
1046 2721 1190 2754 infames
1216 2725 1317 2752 erant
1340 2717 1414 2762 (ξ’,
1432 2720 1525 2761 452,
1550 2720 1595 2764 o',
1613 2720 1709 2764 427„

897 2766 947 2807 π’,
976 2767 1108 2809 426.),
1152 2765 1284 2810 pariter
1315 2776 1355 2798 ac
1380 2766 1591 2807 Phoenices,
1634 2779 1710 2802 cum

898 2814 1030 2847 Graeci
1059 2814 1134 2847 sere
1167 2812 1384 2845 abstinerent
1415 2814 1629 2847 commercio.
1675 2825 1708 2847 v.

897 2859 955 2899 N,
981 2861 1154 2893 Manuert.
1180 2859 1236 2892 8..
1266 2869 1299 2902 p.
1325 2859 1405 2899 20.,
1439 2858 1480 2891 C.
1501 2859 1546 2892 Ο.
1568 2859 1705 2896 Monet.

898 2907 1018 2939 Gonch.
1043 2907 1167 2940 hellen.
1193 2906 1346 2937 Stiimme
1372 2906 1403 2938 1.
1428 2915 1459 2948 p.
1477 2905 1581 2946 305.‚
1607 2911 1643 2939 et
1665 2906 1709 2941 de

896 2952 1066 2996 Capreis,
1111 2951 1339 2984 Teleboarum
1373 2951 1494 2995 regnis
1526 2951 1708 2995 sabulosis,

895 2998 1007 3045 Heyn.
1025 3006 1173 3032 excursu
1191 2998 1223 3033 8.
1246 2996 1293 3031 ad
1304 2994 1411 3040 virg.
1432 2998 1516 3031 Aen.
1537 2998 1572 3039 7,
1590 2997 1670 3034 735.

1353 3040 1423 3086 2*
