1856 3282
156 140 239 182 152

322 245 476 297 πάντες
502 243 582 315 ἅμ’
596 243 873 316 ὁρμηθέντες
899 245 989 289 ’ὑπὸ
1001 246 1227 313 πληγῇσιν
1255 243 1477 301 ἱμάσθλης,

322 300 453 354 ὑψόσ’
487 299 730 358 ἀειρόμενοι
759 304 897 371 ῥίμφα
925 300 1167 372 πρήσσουσι
1194 301 1410 351 κέλευθον,

322 357 381 409 ὡς
409 357 493 410 ἄρα
520 361 595 413 τῆς
621 359 794 428 πρύμνη
823 358 900 413 μὲν
929 357 1117 410 ἀείρετο,
1146 361 1264 413 κῦμα
1292 356 1336 399 δ’
1366 356 1520 400 ὄπισθε

238 416 292 459 85
320 412 574 484 πορφύρεον
598 414 707 484 μέγα
734 417 817 457 θῦε
845 415 1190 467 πολυφλοίσβοιο
1218 412 1446 482 θαλάσσης.

320 468 348 525 ἡ
378 469 423 512 δὲ
451 467 552 539 μάλ’
583 469 807 532 ἀσφαλέως
833 470 935 512 θέεν
964 470 1173 524 ἔμπεδον,
1208 468 1310 512 ουδὲ
1337 484 1412 511 κεν
1437 469 1534 524 ἴρηξ

318 527 469 594 κίρκος
477 524 792 597 ὁμαρτήσειεν,
823 525 1113 580 ἐλαφρότατος
1142 529 1379 579 πετεηνῶν·

323 579 382 632 ὡς
409 578 435 636 ἡ
464 581 605 636 ῥίμφα
631 581 797 624 θέουσα
823 581 1045 651 θαλάσσης
1073 580 1229 636 κύματ’
1259 580 1449 634 ε’ταμνεν,

321 637 460 690 ἄνδρα
487 637 690 705 φέρουσα
709 642 829 687 θεοῖς
857 637 1074 708 ἐναλίγκια
1097 622 1228 706 μήδε’
1244 635 1421 704 έχοντα,

237 698 293 739 90
320 692 368 743 ὃς
395 695 497 746 πρὶν
525 693 603 748 μὲν
631 692 746 748 μάλα
774 693 910 736 πολλοὶ
941 692 1047 736 πάθ’
1080 694 1232 763 ἄλγεα
1240 690 1291 734 ὃν
1319 692 1429 734 κατὰ
1456 690 1614 744 θυμὸν,

319 747 495 801 ἄνδρων
522 765 566 792 τε
593 749 854 819 πτολέμους
884 747 1078 805 ἀλεγεινά
1108 764 1153 792 τε
1178 748 1349 818 κύματα
1376 748 1549 799 πείρων,

319 804 373 860 δὴ
400 803 494 847 τότε
520 803 566 874 γ’
595 803 778 874 ἀτρέμας
807 802 925 857 εὗδε,
956 806 1211 860 λελασμένος
1238 802 1334 846 ὅσσ’
1362 803 1600 846 ἐπεπόνθει.

397 858 510 902 Ευτ’
542 859 674 914 ἀστὴρ
703 859 907 932 υπερέσχε
935 862 1204 914 φαάντατος,
1234 859 1330 902 ὅστε
1358 859 1540 915 μάλιστα

318 915 480 970 ε’ρχεται
507 913 725 984 ἀγγέλλων
755 916 868 970 φάος
893 916 1025 968 Ἠοῦς
1053 916 1303 984 ἠριγενείης,

235 975 289 1017 95
317 974 451 1027 τῆμος
480 970 533 1027 δὴ
562 971 681 1028 νήσῳ
711 974 1027 1025 προσεπίλνατο
1055 972 1327 1026 ποντοπόρος
1354 973 1475 1026 νηῦς.

390 1071 532 1118 appessit
554 1072 651 1107 navis
675 1072 718 1107 ad
741 1073 876 1118 Ρὶιοῑε)
882 1073 933 1107 ιιέε
957 1078 1091 1119 portum
1116 1080 1151 1107 et
1174 1079 1305 1106 antrum
1327 1071 1506 1106 Na'n'adum.

398 1139 629 1195 Φόρκυνος
658 1138 705 1183 δέ
736 1141 800 1191 τίς
830 1140 917 1183 ἐστι
946 1141 1098 1196 λιμήν,
1130 1139 1269 1183 ἁλίοιο
1297 1139 1539 1195 γέροντος,

151 1285 300 1309 9⁰10—-
335 1271 592 1330 ἱμάσθλης.
634 1271 683 1318 ζ,
714 1276 784 1310 320
811 1278 876 1310 etc.
905 1291 949 1301 -

151 1316 296 1363 υψόσ’
323 1317 438 1364 ἀειρ.
509 1320 615 1362 ,249.
634 1319 950 1373 -ρίμφαπρ,

151 1365 397 1401 κέλευθον.
440 1333 496 1399 ΙΙμ
514 1365 543 1408 ξ’
553 1390 564 1407 ,
591 1367 660 1403 282
691 1372 756 1400 etc.
813 1368 893 1409 „V‘
885 1378 949 1410 ;.1·g

154 1412 340 1455 Georg.3‚
367 1412 464 1448 103:
489 1423 599 1444 nonne
620 1412 732 1453 vides,
757 1424 828 1445 cum
847 1424 951 1456 prae-

153 1458 248 1500 cipiti
272 1458 456 1490 certamine
480 1468 636 1501 campum
657 1457 867 1502 Corripuere,
891 1470 950 1491 ru-

151 1507 279 1546 untque
303 1504 401 1547 effusi
431 1514 565 1536 carcere
597 1515 737 1543 currus3
771 1505 853 1537 Cum
876 1514 951 1547 spes

153 1553 309 1582 arrectae
325 1550 507 1592 juvenum,
540 1550 812 1593 exsultantiaque
834 1549 951 1582 haurit

158 1595 267 1627 corda
283 1605 390 1638 pavor
410 1595 569 1637 pulsans.-
594 1595 645 1627 illi
668 1595 796 1628 instant
814 1596 950 1628 verbere

153 1643 263 1682 torto,
289 1640 337 1673 Et
353 1641 456 1684 proni
479 1641 564 1673 dant
588 1641 682 1680 lora‚·
705 1643 798 1674 votat
816 1641 849 1672 vi
872 1642 950 1682 ser-

155 1686 254 1718 vidus
269 1685 362 1725 αείες
385 1686 530 1729 Jamque
548 1686 852 1730 humiles,jamque
866 1686 950 1718 elati

155 1731 297 1764 sublime
319 1731 478 1765 videntur
500 1733 593 1765 Aera
613 1742 677 1775 per
698 1743 843 1766 vacuum
861 1731 952 1773 ferri

156 1781 262 1819 atque
296 1787 478 1855 assur-{fre
506 1777 544 1810 in
575 1788 690 1811 auras.
737 1778 784 1810 cf.
809 1779 892 1810 Aen.
917 1777 950 1816 5,

158 1821 279 1857 144—
290 1822 374 1862 147,
439 1823 552 1855 acrob.
577 1824 652 1856 Sat.
674 1824 716 1866 5,
742 1824 823 1858 11.“
845 1822 876 1853 F
901 1822 951 1854 CI.

157 1867 234 1911 Hey
239 1878 270 1900 n.
305 1878 382 1901 ann.
416 1867 459 1901 ad
484 1868 616 1910 Georg.
647 1868 670 1902 1.
702 1880 732 1901 c.
762 1867 952 1910 comparari

155 1913 259 1956 jussit
288 1912 328 1947 11.
360 1910 424 1956 ψ’,
445 1913 566 1948 362-
577 1915 655 1948 372.
681 1934 728 1940 -
765 1925 884 1955 κυμα
906 1931 951 1937 —

158 1955 413 2014 θαλάσσης.
456 1958 610 1992 similiter
633 1959 671 1994 11.
695 1956 749 1999 α’,
773 1958 873 1993 4..81

159 2000 256 2059 ἀμφὶ
289 2001 329 2038 δὲ
360 2005 473 2059 κῦμα
486 2006 618 2050 Στείρῃ
647 2003 860 2045 πορφύρεον
891 2015 952 2047 με-

159 2046 244 2094 γάλ’
276 2049 370 2093 ιάχε,
406 2048 495 2093 νηὸς
524 2041 674 2103 ἰούσης·
702 2049 751 2084 H
779 2050 819 2084 δ’
846 2048 950 2084 ἔθεεν

159 2093 254 2130 κατὰ
275 2095 375 2139 κῦμα
399 2092 673 2151 διαπρήσσουσα
696 2095 881 2132 κέλευθον.
906 2113 951 2119 -

160 2142 250 2176 &vs
271 2142 467 2184 τροπικαῖς,
497 2147 537 2174 ut
559 2139 607 2182 λ’,
630 2142 708 2176 419.
733 2160 774 2168 —·
817 2144 954 2176 πολυ-

163 2187 420 2231 φλοίσβοιο
448 2189 550 2221 θαλ.
584 2187 623 2221 ll.
648 2185 694 2230 α’,
718 2186 764 2222 34
784 2191 849 2222 etc.

208 2233 304 2267 86—
312 2234 367 2267 89.
411 2233 483 2266 Am.
509 2233 552 2272 Q.
576 2233 695 2267 etB.·
730 2229 955 2286 ἡδεμάλ’

163 2276 267 2322 άσφ.
299 2274 515 2335 ἀσφαλῶς
545 2278 678 2321 κυρίως
710 2276 768 2313 ἐπὶ
801 2279 874 2312 τῶν
904 2274 954 2321 μή

164 2322 435 2367 σφαλλομένων,
458 2322 663 2366 ἐμπέδως
686 2324 725 2359 δε
746 2323 805 2359 ἐπὶ
823 2325 896 2370 τῶν
916 2321 955 2357 ἐν

163 2371 216 2415 τῷ
237 2371 348 2414 πεδίῳ
372 2368 626 2425 ἐῤῥιζωμένων,
652 2367 674 2414 ἡ
699 2368 738 2405 δε
758 2372 848 2409 ναῦς
870 2367 955 2404 οὔτε

164 2405 351 2458 ἄσφαλτός
373 2414 490 2455 ἐστιν,
515 2413 600 2450 οὔτε
623 2415 660 2450 ἐν
683 2418 735 2450 τῶ
756 2418 871 2459 πεδίῳ
897 2414 955 2461 ἐῤ-

163 2459 331 2516 ρίζωται·
360 2461 523 2516 εἴληπται
549 2474 616 2495 ουν
640 2462 689 2502 εἰς
713 2462 868 2505 ἔμφασιν
892 2463 957 2503 τῆς

165 2503 336 2546 οῗιιλινοῦς
358 2520 390 2541 κ.
399 2504 459 2564 ,μή
477 2508 677 2550 σφαλλοιιει
681 2521 723 2551 ης
742 2507 780 2542 ἐν
797 2521 846 2551 tq·
868 2507 957 2551 πλῷ.

165 2552 210 2585 cf.
235 2552 278 2585 E.
308 2569 354 2576 —
397 2551 415 2585 ἴ
420 2552 498 2640 ρχηξ
528 2553 691 2595 κίρκος
715 2573 759 2578 -
787 2565 956 2606 πετεη-

165 2597 267 2631 ναῖν.
301 2597 345 2631 cf.
367 2597 407 2630 ΙΙ.
502 2600 589 2639 139,
611 2597 655 2640 ρ’,
676 2600 762 2639 757,
795 2598 887 2631 infra
911 2595 956 2639 0',

165 2642 251 2683 525,
275 2643 361 2683 526,
386 2642 598 2677 Batrachom.
618 2623 676 2678 49.
703 2661 747 2668 -—-
787 2642 955 2687 ὁμαρτ.,

166 2692 339 2721 assecutus
376 2689 507 2730 fuisset.
558 2689 598 2723 Il.
630 2686 686 2732 μ’,
718 2689 784 2723 400
811 2695 877 2721 etc
910 2707 955 2713 —

170 2729 364 2775 ,,κύματ’
402 2731 616 2776 ἔταμνεν.
663 2734 760 2776 Virg.
785 2735 866 2766 Aen.
902 2737 956 2776 10,

167 2779 264 2812 166.
289 2779 452 2812 Massicus
470 2785 593 2814 aerata
610 2781 762 2823 princeps
785 2784 879 2811 secat
899 2790 957 2811 ac-

168 2834 274 2866 quota
297 2824 419 2867 tigrif‘
442 2824 474 2856 E
495 2824 546 2857 cl.
594 2826 750 2868 Propert.
774 2825 795 2858 3
832 2827 863 2861 9
883 2825 956 2859 35.ι

167 2878 232 2900 non
251 2880 315 2913 ego
334 2869 476 2911 velifera
497 2871 664 2903 tumidum
684 2880 774 2902 mare
790 2847 892 2902 findo
899 2881 957 2901 ca·-

167 2914 245 2945 rina
271 2919 336 2946 etc.
360 2932 402 2938 —
435 2917 572 2955 θεοῖς
595 2915 865 2956 ἐναλίγκια,
890 2915 956 2947 diis

169 2958 312 3002 similia,
339 2959 372 2992 h.
399 2970 429 2993 e.
453 2959 589 2995 deorum
612 2960 782 3001 consiliis,
805 2959 933 2993 divina.

773 137 1163 180 ΟΜΗΡΟΥ

1039 1274 1103 1313 90,
1129 1275 1185 1309 91.
1231 1274 1276 1307 cf.
1300 1274 1386 1316 263,
1411 1273 1452 1315 4,
1485 1269 1546 1314 θ’,
1571 1272 1657 1312 182,
1680 1270 1788 1312 3,11.

995 1316 1033 1354 ω’
1071 1321 1103 1353 8.

1036 1345 1095 1400 92.
1143 1361 1362 1408 άτρέμας.
1397 1364 1437 1398 Π.
1461 1361 1515 1410 β’,
1542 1364 1621 1399 200.
1650 1381 1695 1386 -
1727 1364 1787 1397 λε-
1855 1378 1856 1384 ¹

993 1409 1232 1452 λασμένος.
1265 1411 1304 1444 ΙΙ.
1323 1409 1373 1452 π’,
1397 1411 1466 1446 538
1487 1389 1552 1445 e’tc.
1597 1409 1629 1442 Ε
1653 1408 1697 1441 de
1720 1419 1790 1442 me-

995 1463 1049 1491 tro
1074 1457 1174 1500 hujus
1206 1468 1348 1489 versus:
1376 1454 1433 1491 ὅτι
1467 1450 1596 1497 σεμνός
1622 1453 1791 1489 ἐνταῦθα

995 1504 1112 1546 στίχος
1131 1500 1225 1536 κατὰ
1249 1501 1289 1536 τὸ
1311 1499 1554 1537 ὁλοδάκτυλον
1576 1513 1619 1535 το
1646 1499 1698 1542 δὴ
1723 1499 1792 1536 τό-

994 1560 1042 1583 τε
1065 1568 1108 1579 -.-
1133 1547 1404 1588 ἐπεπόνθει,
1429 1546 1562 1582 ὁποῖον
1581 1558 1649 1581 συν
1667 1545 1790 1588 ἄλλοις

995 1595 1055 1629 καὶ
1079 1594 1117 1630 ἐν
1139 1592 1269 1628 Ἰλιάδι
1293 1593 1359 1636 (π’,
1383 1573 1469 1637 776)
1499 1593 1542 1627 τὸ
1566 1596 1695 1629 κεῖτο
1718 1593 1790 1636 μ’έ-

994 1653 1079 1684 γας
1102 1640 1379 1683 μεγαλωστὶ,
1409 1638 1698 1681 λελασμένος
1719 1640 1789 1674 ἱπ-

995 1686 1181 1720 ποσυνοὲ
1196 1699 1262 1719 ων.
1285 1705 1329 1711 -
1354 1685 1464 1729 imago
1487 1685 1714 1730 pulcherrima
1731 1697 1788 1719 sa-

996 1732 1120 1776 pientis
1143 1732 1273 1772 securi,
1311 1742 1411 1774 quam
1441 1739 1553 1764 tamen
1586 1731 1792 1765 sublimitate

996 1782 1135 1821 superat
1153 1777 1301 1810 narratio
1316 1777 1560 1819 Evangelistae
1579 1777 1622 1810 de
1639 1777 1789 1819 Christo,

997 1823 1181 1855 dormiente
1214 1834 1275 1877 per
1305 1827 1562 1877 tempestatem,
1598 1823 1722 1856 Matth.
1755 1826 1789 1866 8,

995 1867 1073 1921 24..
1096 1869 1156 1902 καὶ
1177 1866 1274 1905 ἰδοῦ,
1299 1865 1440 1910 σεισμὸς
1458 1866 1569 1911 μέγας
1595 1867 1733 1923 ἐγένετο
1753 1868 1793 1905 ἐν

996 1914 1041 1958 τῇ
1064 1912 1255 1969 θαλάσσῃ,
1289 1911 1379 1948 ω’στε
1401 1913 1444 1948 τὸ
1466 1917 1597 1948 πλοῖον
1618 1913 1791 1951 καλύπτε-

997 1957 1118 1994 σθαι“
1097 1958 1169 1994 υπὸ
1181 1962 1253 1994 τῶν
1272 1959 1463 2003 κυμάτων·
1489 1958 1600 2001 αὐτὸς
1618 1960 1658 1996 δὲ
1675 1960 1790 1998 ἐκάθ-

1001 2006 1094 2040 ευδε.

1041 2052 1211 2087 93-95.
1258 2052 1327 2085 Αιῐι.
1352 2051 1419 2097 Ω..
1453 2046 1544 2085 ευτ’
1578 2048 1719 2097 αστὴρ
1749 2051 1793 2088 ὑ-

997 2109 1079 2140 περ
1094 2109 1206 2138 εσχε
1236 2095 1302 2136 ἓως
1322 2098 1365 2131 οὐ
1386 2095 1666 2140 ὑπερανέτειλεν.
1690 2100 1731 2134 ΙΙ.
1749 2098 1791 2141 λ’,

998 2144 1098 2177 735..
1135 2140 1214 2177 εὖτε
1242 2156 1310 2187 γαρ
1341 2142 1459 2186 ἠέλιος
1489 2143 1644 2187 φαέθων
1665 2142 1793 2193 6⁷:395—-

998 2191 1104 2231 σχεθε
1126 2190 1253 2243 γαίης,
1285 2187 1582 2244 Ξιμφερόμεσθα
1603 2191 1710 2236 μάχῃ.
1750 2192 1790 2226 ΙΙ.

997 2233 1040 2277 χ’,
1063 2235 1161 2268 318.·
1175 2230 1371 2275 'Eo-nepos,
1398 2230 1438 2274 ὃς
1459 2234 1643 2277 κάλλιστος
1666 2238 1704 2272 ἐν
1727 2251 1792 2272 ου-

999 2280 1099 2324 ρανῷ
1121 2279 1263 2314 ἵσταται
1284 2278 1409 2325 ἀστήρ.
1436 2281 1624 2315 v.1b1ann
1660 2283 1709 2316 Ε.
1733 2297 1792 2320 οτι

998 2326 1139 2368 μετρῶν
1172 2322 1191 2360 6
1222 2338 1261 2359 π.
1293 2326 1357 2360 τόν
1383 2326 1420 2361 ἐκ
1446 2327 1617 2361 Φαιάκων
1638 2327 1707 2368 ἕως
1729 2331 1791 2366 καὶ

999 2371 1206 2413 (deleamus,
1229 2372 1371 2411 suade0‚
1395 2372 1476 2414 καὶ,
1500 2377 1657 2428 tanquam
1681 2382 1790 2410 ortum

1001 2427 1042 2449 ex
1066 2429 1159 2456 -ως
1181 2418 1410 2472 praegresso)
1439 2419 1488 2456 εἰς
1502 2415 1661 2472 Ἰθάκηι
1677 2424 1793 2457 πλοῦν

999 2462 1067 2519 μιᾷ
1084 2464 1186 2496 νυκτὶ
1200 2461 1406 2520 ἀνυσθῆναι
1427 2462 1539 2498 αὑτὸν
1550 2465 1703 2522 ἱστορεῖ.
1719 2481 1792 2512 φη-

1002 2506 1038 2541 σὶ
1061 2507 1173 2549 γοῦν,
1198 2506 1290 2543 εὖτ’
1315 2528 1359 2533 -
1382 2507 1661 2554 ἠρηενείης,
1686 2510 1705 2547 ὁ
1729 2515 1790 2549 και

1005 2552 1207 2596 Φωσφόρος
1255 2555 1429 2589 διατοῦτο
1471 2556 1692 2600 καλούμενος
1724 2567 1791 2601 etc,

1000 2617 1045 2622 —
1072 2602 1442 2642 προσεπίλνατο,
1473 2603 1690 2645 προσέπλαζε
1729 2604 1790 2648 (λ’,

999 2645 1098 2686 582),
1109 2647 1409 2689 appropinquabat.
1420 2665 1464 2672 -
1487 2649 1760 2695 ποντοπόρο
1775 2664 1793 2692 ς

1000 2691 1125 2732 νηῦς.
1161 2693 1244 2731 161,
1267 2690 1314 2734 μ,
1339 2694 1382 2726 69
1409 2697 1473 2727 etc.

1047 2735 1229 2771 96—104.
1279 2737 1535 2779 Φόρκυνος.
1561 2738 1640 2780 345,
1662 2738 1709 2783 α’,
1732 2742 1788 2776 72.

1002 2780 1101 2813 δάι’
1133 2783 1162 2815 Φ
1173 2781 1191 2814 0'
1207 2793 1316 2823 ρκυν
1340 2785 1479 2825 δαίμων
1501 2766 1723 2825 θαλάσσιος,
1744 2786 1786 2820 τὸ

999 2824 1175 2867 πρότερον
1187 2829 1302 2881 ὃιατρ
1296 2830 1380 2885 ’βων
1393 2842 1485 2872 προς
1496 2830 1543 2876 τῷ
1553 2828 1722 2887 Ἀρυμνίῳ
1733 2833 1790 2875 (⁹)

1001 2871 1206 2916 λεγομένι)’
1195 2870 1270 2913 όρει
1276 2876 1352 2929 ,Pras
1357 2873 1515 2929 Ἀχαὶας,
1538 2877 1649 2910 οἰκιᾶν
1668 2889 1705 2912 τε
1723 2891 1792 2919 την

1004 2907 1186 2958 Φόρκυνος
1218 2916 1284 2952 ἄπ’
1319 2917 1436 2955 αὐτοῦ
1458 2922 1682 2966 καλουμένην
1701 2923 1789 2977 βῆσ-

1001 2972 1081 3003 σαν,
1103 2962 1201 2998 neem
1225 2964 1277 3006 δὲ,
1302 2966 1439 3010 (postea
1461 2977 1555 3001 veto.
1586 2968 1676 3002 forte
1695 2968 1791 3002 exci-
