1856 3282
362 744 1178 803 ΟΔῩΣΣΕΙΑΣ
1253 747 1326 806 B.

203 1000 211 1005 ⁷
236 1004 532 1040 ΙΘΑΚΗΣΙΩΝ
565 1006 593 1039 Α
598 1004 739 1040 ΓΟΡΑ.

816 1004 1136 1040 ΤΗΛΕΜΑΧΟΤ
1169 1005 1455 1041 ΑΠΟΔΗΜΙΑ.

129 1244 269 1278 Postero
295 1255 392 1278 mane
416 1243 636 1284 sthacenses,
665 1243 763 1287 jussu
789 1243 1010 1285 Telemachi,
1045 1244 1089 1278 ad
1114 1245 1310 1279 concionem
1335 1245 1561 1279 advocantur.

157 1307 358 1400 &Hunc
387 1342 432 1387 δ’
444 1342 682 1415 ἠριγένεια
711 1341 832 1398 φάνη
864 1343 1193 1398 ῥοδοδάκτυλος
1216 1345 1343 1399 Ἠώς,

185 1401 351 1456 ωρνυτ’
381 1399 456 1454 ἄρ’
483 1401 525 1452 ἐξ
558 1398 747 1455 εὐνῆφιν
773 1399 1015 1469 Ὀδυσσῆος
1048 1405 1175 1456 φίλος
1206 1402 1317 1453 υἱὸς,

186 1460 339 1514 εἵματα
369 1455 627 1527 ἑσσάμενος,
657 1456 755 1509 περὶ
785 1456 831 1499 δὲ
862 1458 988 1511 ξίφος
1016 1457 1095 1510 ὀξύ
1123 1457 1215 1502 θέτ’
1249 1458 1369 1516 ιὸμῳ,

138 1555 143 1558 .
183 1515 316 1558 ποσσὶ
346 1511 386 1556 δ’
417 1511 504 1556 ὑπὸ
536 1516 787 1580 λιπαροῖσιν
818 1513 1001 1567 ἐδήσατο
1031 1519 1144 1558 καλὰ
1169 1515 1336 1563 πέδιλα,

126 1574 153 1616 5
181 1575 237 1630 βῆ
267 1570 313 1614 δ’
340 1571 438 1626 ἴμεν
465 1569 514 1612 ἐκ
542 1567 791 1624 θαλάμοιο,
819 1574 911 1627 θεῷ
942 1571 1188 1628 ἐναλίγκιος
1218 1570 1369 1629 ἄντην.

0 1685 1 1724 Ῠ
61 1692 318 1730 Annotationes.
375 1693 475 1728 Vers,
502 1695 532 1727 1.
569 1690 617 1735 ε’,
653 1693 744 1734 228,
775 1692 818 1727 11.

15 1739 62 1782 α’,
85 1743 153 1777 477
162 1749 247 1797 nete·-
289 1738 662 1794 ῥοδοδάκτυλος
691 1736 819 1780 Ἠώς.

15 1787 64 1821 E:
88 1807 134 1812 —-
157 1784 216 1822 ότι
232 1783 292 1823 ὅτε
307 1785 374 1831 μέν
393 1799 467 1822 που
491 1784 821 1828 κροκόπεπλον

12 1832 115 1874 Ἠῶ,
137 1833 301 1869 τουτέστι
319 1833 485 1877 πρωὶαν,
509 1833 602 1876 λέγει
620 1830 640 1867 ὁ
665 1830 823 1876 ποιητής

16 1879 81 1923 (11.
103 1879 157 1923 θ’,
176 1883 194 1916 1
213 1887 278 1914 etc.
289 1880 327 1924 ),
355 1878 420 1915 διὰ
442 1879 510 1914 τοῦ
531 1877 669 1922 κρόκου
690 1879 731 1914 τό
752 1892 823 1913 πο-

14 1925 60 1960 λῦ
93 1925 159 1970 μὲν
192 1927 257 1971 τῆς
295 1924 431 1967 νυκτὸς
446 1951 469 1981 ,
503 1922 625 1969 ὀλίγον
666 1924 707 1960 δὲ
751 1925 822 1960 τοῦ

12 1971 162 2029 φωτὸς,
189 1974 400 2009 αἰνίττεται.
449 1967 471 2017 ἦ
506 1971 632 2014 μέντοι
656 1971 822 2029 ροδοδ.

12 2016 145 2074 Ἧώς,
168 2018 282 2063 ἤγουν
302 2019 448 2076 aptota,
470 2017 512 2052 τό
531 2021 656 2054 πλεῖον
672 2016 740 2074 μὲν
756 2019 822 2062 τῆς

13 2060 171 2122 ἡμέρας,
193 2066 342 2102 ἔλαττον
361 2065 400 2101 δὲ
420 2065 486 2109 τῆς
503 2065 655 2107 νυκτὸς,
679 2061 823 2108 υποδη-

14 2113 91 2154 λοῖ,
119 2125 168 2152 ως
195 2111 315 2157 πάσης
336 2111 449 2152 Ήους
473 2113 724 2168 προηγεῖσθαι
754 2109 822 2153 μὲν

13 2157 81 2201 τήν
108 2158 376 2201 κροκόπεπλον,
401 2155 483 2214 μετ’
514 2156 635 2202 αυτήν
659 2157 699 2193 δὲ
725 2156 822 2192 εἶναι

12 2203 81 2249 τήν
108 2204 396 2248 ῥοδοδάκτυλον.
444 2203 562 2245 ἄλλως
590 2204 630 2239 δέ
654 2217 691 2248 γε
707 2207 823 2247 μυθι-

13 2252 86 2291 κοῖς
108 2252 170 2287 καὶ
196 2250 290 2287 κατὰ
310 2253 424 2309 σῶμα
451 2250 704 2308 κροκόπεπλον
730 2251 822 2307 (imo

14 2309 38 2330 κ
55 2315 102 2322 ·-
116 2299 185 2342 ος)
209 2297 277 2342 μὲν
301 2295 322 2343 ἦ
342 2297 496 2341 κρόκεον
513 2295 597 2342 ἤτοι
615 2296 744 2357 κιῤῥόν
758 2296 823 2332 πέ-

13 2344 108 2378 πλον
127 2347 317 2386 φοροῦσα,
341 2343 615 2385 ὁοδοδάκτυλος
637 2343 695 2385 δὲ,
722 2341 765 2387 ἧς
786 2343 823 2378 οἱ

16 2387 189 2425 δάκτυλοι
224 2387 367 2435 ὁόδεοι,
404 2404 454 2431 ως
487 2389 614 2433 ῥόδοις
647 2390 824 2432 ἐοικότες,

16 2436 174 2477 αἵματος
191 2438 349 2479 φυσικοῦ
369 2438 473 2482 χυμῷ
491 2439 590 2482 καλῷ
614 2437 741 2480 (scrib.
755 2450 823 2471 κα-

16 2482 114 2537 λιιῑς)
138 2480 387 2527 ἐρευθόμενοι.
423 2483 528 2519 καθά
545 2484 608 2519 καὶ
627 2483 649 2528 ἡ
668 2481 819 2527 Σαπφώ

15 2540 107 2567 τους
134 2530 208 2564 τῶν
231 2530 401 2573 μυθικῶν
423 2532 596 2587 Χαρίτων
611 2529 738 2576 πήχεις
757 2543 822 2574 γυ-

15 2575 161 2631 μνοῦσα
193 2575 329 2618 (malim
357 2589 541 2633 γυμνους,
575 2577 630 2610 vel
656 2575 823 2633 γυμνούς

15 2617 102 2664 ἄν.)
134 2619 263 2665 ῥόδοις
299 2622 449 2665 εἰκάζει,
484 2620 535 2663 ὥς
571 2621 667 2658 εἶναι
702 2620 822 2664 αὐτὰς

15 2665 247 2722 ὁοδοπήχεις.
269 2668 374 2711 (item
405 2669 558 2721 scriptor
579 2670 693 2713 hymni
720 2670 821 2703 Hom.

15 2712 52 2747 ἱιι
79 2714 191 2748 Solem
221 2715 274 2749 6.·
295 2712 371 2748 Ἠῶ
402 2726 440 2750 τε
469 2713 722 2759 ῥοδόπηχυν.)
747 2713 821 2751 εἶεν

15 2756 109 2794 δὲ’
87 2773 133 2795 αν
156 2758 268 2801 Ἠοῦς
291 2760 467 2796 δάκτυλοι
485 2760 579 2798 κατὰ
600 2761 823 2806 α’λληγορίαν

16 2804 56 2840 αὶ
72 2808 142 2842 τοῦ
163 2803 270 2850 ἡλίου
289 2804 442 2847 ἀκτῖνες.
491 2808 537 2842 cf·
557 2819 634 2842 ann.
652 2809 695 2842 ad
716 2808 753 2841 ΙΙ.
772 2807 821 2849 α’,

10 2850 95 2889 477.
118 2853 261 2888 Aristot.
284 2853 384 2887 Rhet
405 2854 662 2896 3‚2,13.:—
685 2852 755 2895 τὰς
780 2853 821 2890 δὲ

15 2898 227 2952 μεταφοράς
249 2898 424 2936 ἐντεῦθεν
450 2899 616 2942 οἰστέον,
652 2897 726 2935 ἀπὸ
755 2913 821 2935 κα-

18 2941 90 2978 λοῖν
115 2943 139 2990 ἦ
157 2947 231 3003 τῆ
243 2948 373 2992 φωνῇ,
399 2943 423 2992 ἢ
448 2949 495 2993 τῇ
522 2925 701 2991 δυνάμει,
725 2943 748 2990 ἢ
775 2949 821 2993 τῇ

15 2985 123 3034 ὄψει,
153 2987 177 3038 ἢ
206 2989 296 3039 ἄλλη
321 2993 395 3030 τινὶ
419 2993 604 3040 αἰσθήσει.
651 2972 822 3040 διαφέρὲι

868 1693 909 1730 δὲ
936 1696 1053 1732 εἰπεῖν
1075 1696 1158 1733 οἷον
1183 1695 1548 1741 ῥοδοδάκτυλος
1570 1691 1682 1734 Ἠὠς

867 1744 1006 1786 μᾶλλον
1033 1757 1054 1788 η
1079 1742 1549 1797 φοινικοδάκτυλος.
1574 1738 1598 1786 ἢ
1628 1740 1683 1776 ἔτι

869 1789 1104 1835 φαυλότερον
1136 1789 1398 1845 ἐρυθροδ
1419 1787 1681 1828 άκτυλος.

868 1837 1002 1881 „Virg.
1031 1840 1116 1871 Aen.
1144 1838 1178 1877 7,
1205 1838 1284 1871 25.=
1314 1838 1460 1880 jamque
1482 1835 1684 1868 rubescebat

867 1885 976 1917 radiis
1004 1895 1119 1924 mare,
1145 1888 1179 1917 et
1205 1884 1347 1917 aethere
1373 1885 1416 1916 ab
1444 1881 1516 1915 alto
1546 1883 1683 1914 Aurora

868 1931 905 1963 in
928 1930 1038 1964 roseis
1055 1909 1226 1974 fulgebat
1245 1929 1339 1964 lutea
1361 1927 1462 1973 bigis.
1510 1927 1554 1961 cf.
1576 1927 1622 1960 ib.
1646 1928 1682 1967 4,

867 1977 955 2014 584,
992 1978 1047 2018 12,
1076 1977 1132 2011 77.
1181 1976 1226 2010 ib.
1254 1977 1296 2017 8,
1325 1976 1395 2011 454
1419 1987 1427 2008 τ
1464 1974 1550 2007 haec
1577 1978 1684 2018 pater

870 2023 999 2055 Aeoliis
1046 2027 1211 2066 properat
1260 2023 1342 2055 dnm
1394 2021 1560 2055 Lemnius
1601 2020 1683 2059 oris,

868 2069 1073 2102 Evandrum
1108 2080 1150 2102 ea:
1182 2069 1306 2101 humili
1330 2073 1418 2102 tecto
1450 2067 1508 2100 lux
1536 2067 1683 2100 suscitat

869 2118 964 2149 alma
978 2142 986 2155 ,
1012 2115 1060 2148 Et
1076 2116 1242 2148 matutini
1258 2116 1434 2148 volucrum
1452 2115 1513 2147 sub
1535 2113 1682 2146 culmine

869 2167 1000 2195 cantus.
1051 2162 1236 2203 Consurgit
1262 2162 1396 2202 senior,
1420 2161 1604 2203 tunicaque
1626 2160 1682 2191 in-

869 2208 1007 2242 ducitur
1030 2213 1147 2247 artus,
1180 2208 1228 2242 Et
1257 2208 1436 2250 Tyrrhena
1459 2206 1586 2251 pedum
1615 2205 1684 2238 cir-

870 2255 1012 2288 cumdat
1035 2255 1174 2287 vincula
1199 2255 1353 2297 plantis5
1379 2254 1467 2286 Tum
1496 2252 1601 2286 lateri
1624 2257 1684 2285 at-

869 2313 934 2346 que
961 2301 1111 2334 humeris
1147 2301 1344 2345 Tegeaeum
1372 2300 1530 2343 subligat
1555 2309 1682 2338 ensem,

871 2349 1032 2382 Demissa
1050 2348 1094 2379 ab
1113 2347 1216 2380 laeva
1232 2347 1428 2390 pantherae
1446 2351 1551 2389 terga
1572 2350 1684 2378 retor-

869 2406 986 2439 quens.
1036 2393 1111 2426 Nec
1137 2405 1205 2425 non
1234 2398 1268 2426 et
1295 2393 1428 2437 gemini
1459 2391 1616 2425 custodes
1640 2390 1684 2423 li-

869 2442 960 2474 mine
978 2440 1021 2472 ab
1040 2441 1113 2473 allo
1137 2439 1349 2478 Procedunt,
1373 2448 1597 2483 gresssumque
1622 2447 1684 2470 ca-

868 2499 927 2520 nes
946 2487 1156 2519 comitantur
1174 2485 1325 2518 herilem.
1336 2487 1361 2503 “
1387 2485 1417 2518 Ε
1434 2484 1487 2517 ΟΙ.
1505 2488 1541 2517 et
1559 2483 1683 2517 Eichh.

914 2533 1020 2568 3—5.
1067 2531 1205 2566 Alteros
1227 2543 1270 2564 ex
1288 2529 1389 2565 codd.
1410 2530 1558 2563 Vindob.
1582 2540 1685 2573 prae-

868 2584 923 2613 ter
952 2580 984 2615 3.
1019 2582 1054 2611 et
1085 2579 1142 2619 5.,
1177 2577 1236 2622 qui
1271 2577 1447 2621 vulgatam
1475 2575 1684 2620 scripturam

867 2626 1017 2660 habent:

961 2671 1095 2715 εἵματα
1122 2666 1337 2712 ἑσσάμενος·
1370 2666 1476 2710 περὶ,
1510 2665 1551 2703 δὲ
1590 2666 1684 2713 μέγα

1147 2716 1300 2774 βάλλετο
1325 2712 1462 2758 quipus·

869 2765 888 2808 (
899 2763 1035 2807 vffrgula
1057 2766 1134 2807 post
1156 2761 1239 2804 περὶ
1258 2760 1420 2795 librarius
1441 2759 1571 2795 codicis
1590 2761 1681 2796 A.2.

867 2810 998 2845 indicat
1018 2809 1148 2842 tmesin.
1157 2808 1176 2851 )

958 2855 1067 2889 κοσσι
1090 2873 1137 2879 -
1160 2852 1311 2910 πέδιλνα·

958 2901 1058 2946 ἀμφὶ
1095 2896 1135 2936 δ’
1164 2913 1210 2943 αρ
1242 2897 1378 2953 ωμοισι
1409 2896 1542 2945 βάλετο
1569 2897 1682 2942 ξίφος

1145 2944 1393 2992 αργυροηλον·

957 2994 1007 3040 βῆ
1029 2991 1069 3030 δ’
1091 2993 1173 3039 ἴμεν
1194 2999 1265 3028 etc.

1738 2542 1746 2563 Ι
