1846 3282
257 459 454 503 δαίνυντ’

78 719 204 775 gravis
225 719 299 754 sive
321 725 445 755 onusta
469 726 545 756 erat
568 720 678 755 navis.
695 740 741 745 —
765 719 883 766 ἔγχε-

81 775 156 799 σιν
181 763 342 820 ἄμφιγ.
367 764 419 809 ω’,
436 768 516 808 526,
541 767 580 800 ll.
605 765 649 809 ν’,
672 765 817 802 147etc.
839 786 883 793 —

81 810 213 852 τούς,
237 810 416 867 τούτους,
449 815 666 858 μνηστῆρας.
692 832 738 837 --
771 809 883 847 ον’ὃέ

78 868 152 892 τοι
183 855 305 893 οῖδα.
350 859 401 892 sic
428 859 472 892 Ε.
519 860 628 893 minus
660 859 746 891 bene
778 857 879 891 codd.

76 903 267 945 Homerici,
298 905 420 938 menda
450 905 642 958 frequenti:
675 901 765 939 ου’δὲ
787 916 822 938 τι
847 915 880 937 ο.

75 952 178 982 cavet
201 950 252 990 Ε,
285 962 328 984 ne
359 951 424 983 hoc
447 950 543 983 simul
569 949 659 983 scire
690 954 725 983 et
746 949 879 983 nescire

76 994 236 1029 videatur
254 996 424 1036 subulcus,
449 995 605 1050 quoniam
628 995 662 1029 in
686 995 878 1053 superiori-

73 1040 136 1074 bus
160 1041 247 1074 dixit
270 1039 357 1076 ἄλλο
389 1040 431 1076 δέ
453 1053 511 1076 τοι
534 1039 615 1085 τόγε
640 1039 738 1076 οἴδα.
781 1040 877 1077 ἔνθα

70 1087 133 1121 καὶ
168 1083 260 1131 ὅρα,
295 1086 432 1130 inquit,
470 1086 660 1144 διαφοράν
696 1088 766 1123 τοῦ
798 1085 876 1122 ω’ΐ-

69 1133 207 1188 σθην
217 1146 250 1168 κ.
274 1133 341 1167 τοῦ
367 1131 491 1168 οἶδα.
521 1131 562 1169 τὸ
582 1131 735 1177 μὲνγὰρ
761 1133 876 1168 οῖδα

69 1177 162 1218 πρὸς
185 1175 397 1236 ἀκρίβειαν,
429 1178 471 1215 τό
497 1177 537 1214 δὲ
570 1178 759 1220 ω”ίσθην
781 1174 876 1220 πρὸς

68 1222 227 1266 νόμισιν.
263 1226 298 1259 εἰ
329 1223 369 1260 δὲ
402 1221 573 1283 ἀνωτέρω
598 1222 737 1259 εἰδέναι
760 1223 874 1267 φησὶν

68 1268 90 1304 ὁ
116 1267 282 1319 συβώτης
313 1270 352 1305 ἐν
362 1271 428 1324 τῷ
450 1269 562 1307 ἄλλο
576 1269 638 1328 ’,δέ
669 1283 742 1305 τοι
764 1268 873 1305 τόδε

0 1349 6 1376 3
68 1314 156 1360 (sic)
180 1313 316 1357 οἶδα,
348 1312 448 1360 ὅμως
479 1315 548 1352 οὐκ
571 1316 646 1352 ἔστι
671 1316 782 1352 τοῦτο
808 1312 874 1351 οἶν-

572 123 1150 168 ΟΔΤΣΣΕΙΑΣ
1204 124 1259 164 Π.

1647 127 1729 167 271

148 239 230 283 475
259 236 333 280 καὶ
362 235 497 304 σφέας
526 234 695 292 ω’ΐσθην
723 235 826 286 τοὺς
854 235 1053 307 ἔμμεναι,
1082 231 1185 277 οὐδέ
1213 250 1282 277 τοι
1310 232 1417 278 οἶδα.
1428 237 1453 258 “

321 290 404 341 Ὡς
433 290 570 346 φάτο
599 294 801 348 μείδησεν
829 290 875 334 δ’
904 289 998 360 ἷερὴ
1021 290 1064 340 ἲς
1098 289 1374 361 Τηλεμάχοιο,

261 349 303 400 ἐς
327 347 479 400 πατέρ’
497 347 813 419 ὀφθαλμοῖσιν
843 346 971 398 mam,
1002 344 1162 389 ἀλέεινε
1193 345 1231 389 δ’
1259 345 1481 416 ὑφορβόν.

336 405 390 446 Οἱ
418 403 458 447 δ’
492 403 581 447 ἐπεὶ
607 407 691 448 οὐν
719 404 945 448 παύσαντο
975 401 1142 452 πόνου,
1171 401 1402 445 τετύκοντό
1430 419 1475 447 τε
1505 403 1642 455 δαῖτα,

470 473 482 484 ·
512 460 616 504 ου’δέ
645 478 686 504 τι
713 461 860 514 θυμὸς
888 459 1058 503 ἐδεύετο
1090 459 1233 507 δαιτὸς
1242 458 1389 527 ἐΐσης.

141 520 224 562 480
254 515 393 570 αὐτὰρ
422 516 510 560 ἐπεὶ
541 517 698 568 πόσιος
726 517 798 561 καὶ
828 516 1010 570 ἐδητύος
1039 516 1081 567 ἐξ
1110 514 1211 568 ε’ρον
1239 513 1351 566 ε’ντο,

251 574 404 617 κοίτου
432 588 475 616 τε
502 573 752 630 μνήσαντο,
780 573 855 617 καὶ
871 573 1040 616 Γ’ίΡπνου
1070 574 1214 627 δῶρον
1242 569 1406 614 ἕλοντο

928 720 1089 770 τίφασις.
1132 715 1207 753 ε’κεῖ
1225 714 1292 762 μὲν
1314 715 1385 761 γὰρ
1409 715 1546 753 εἰδέναι
1569 711 1679 759 εἶπεν,
1708 710 1728 751 3

928 764 1002 801 εἶδε
1027 765 1092 821 (id,
1115 764 1204 808 quod
1228 763 1359 807 vidit),
1383 765 1471 818 νῆα
1471 760 1617 817 δηλαδὴ
1643 765 1727 797 πολ-

926 809 1014 852 λους
1037 807 1175 853 ἄνδρας
1200 809 1376 854 ἔχουσαν,
1400 823 1431 845 κ
1457 805 1570 844 ὅπλα·
1594 809 1664 843 νῦν
1688 805 1727 844 δὲ

925 857 976 904 μή
1012 857 1150 892 εἰδέναι
1187 856 1327 912 φησὶν,
1365 856 1401 891 εἰ
1433 855 1495 890 καὶ.
1527 854 1727 900 μνηστῆρες

926 905 1021 948 ἦσαν
1053 902 1205 944 ἐκεῖνοι,
1238 900 1330 937 ἀλλὰ
1366 902 1514 937 οἴεσθαι
1536 903 1658 936 τοῦτο.
1683 919 1727 926 -

924 950 974 984 E:
998 951 1235 1006 μείδησεν.
1281 946 1593 992 ἄγαλλιασάμενος
1616 948 1725 991 δηλα-

924 995 970 1041 dr)
1006 995 1072 1040 ἐφ’
1105 1001 1160 1037 οἱς
1193 993 1426 1052 ὑπέστρεψαν
1459 994 1496 1029 οὶ
1528 996 1732 1039 μνηστῆρες·

922 1045 1033 1078 κενοί
1069 1062 1113 1068 ·-
1161 1041 1347 1078 ἀλέεινε
1387 1039 1424 1077 δ’
1459 1054 1534 1083 υφ.
1545 1066 1556 1084 ,
1601 1041 1730 1075 vitavit

920 1091 1114 1129 subulcum,
1139 1090 1173 1122 h.
1200 1101 1229 1122 e.
1256 1089 1456 1141 adspectum
1480 1087 1566 1129 ejus.

966 1137 1088 1213 ⁴5}ss-
1042 1136 1175 1166 -430,
1221 1134 1260 1167 11.
1286 1145 1310 1167 α
1330 1158 1340 1176 ,
1364 1131 1485 1168 467——
1496 1134 1562 1174 69,
1585 1129 1632 1178 β,
1656 1131 1730 1169 430

918 1195 962 1202 —
1041 1182 1110 1211 etc.

965 1224 1046 1259 481.
1092 1224 1268 1259 κοίτου
1303 1236 1351 1260 τε
1380 1223 1640 1283 μνήσαντο.
1675 1219 1729 1269 η’,

920 1270 998 1305 138.
1042 1271 1087 1304 cf.
1100 1266 1175 1325 γ’,
1197 1269 1276 1308 334.
1298 1289 1343 1298 -
1388 1271 1465 1307 καὶ
1497 1269 1651 1307 ν’πνου
1685 1270 1725 1306 ὅ.

918 1314 975 1353 ει.
1011 1316 1050 1351 11.
1075 1329 1097 1362 η
1110 1342 1122 1359 ,
1145 1296 1225 1354 4⁹82.
