1856 3282
179 181 260 221 148

793 178 1183 220 ΟΜΗΡΟΥ

257 292 309 332 10
340 287 489 342 εἵματα
515 286 594 342 μὲν
625 287 678 343 δή
707 288 826 357 ξείνῳ
856 287 1029 344 ἐϋξέστῃ
1059 286 1122 330 ἐνὶ
1149 290 1264 356 χηλῷ

338 348 490 395 κεῖται,
521 359 591 386 και
618 344 777 398 χρυσός
805 346 1149 395 πολυδαίδαλος,
1179 345 1285 386 ἄλλα
1314 359 1358 386 τε
1390 342 1533 386 πάντα

340 398 447 451 δῶρ’
456 429 469 449 ,
500 398 579 442 ὅσα
611 399 813 454 Φαιήκων
841 399 1111 469 βουληφόροι
1138 398 1290 443 ἐνθάδ’
1318 399 1498 451 ε’νεικαν,

334 453 429 497 ἀλλ’
461 453 534 523 ἄγε
563 456 606 497 οἱ
634 457 771 508 δῶμεν
799 458 981 512 τρίποδα
1009 457 1144 509 μέγαν
1173 454 1248 510 ἠδὲ
1276 456 1432 523 λέβητα

286 512 304 534 *
333 508 577 562 ἀνδρακάς]
604 510 723 579 ἡμεῖς
753 510 795 553 δ’
825 514 925 554 αὐτε
956 510 1224 566 ἀγειρόμενοι
1252 512 1358 554 κατα
1391 514 1562 588 δῆμονιι

258 568 308 611 15
337 564 556 621 τισόμεθ’·

589 566 796 621 ἀργαλέον
824 584 908 622 γαρ
939 567 1015 610 ἕνα
1043 567 1220 621 προικὸς
1247 565 1562 622 χαρίσασθαι.ιι

380 668 503 702 collata
533 667 698 714 postridie
730 679 824 703 mane
847 681 867 703 a
890 669 1089 715 proceribus
1112 680 1251 703 munera
1281 670 1357 715 ipse
1387 681 1449 703 rex
1481 668 1561 713 apte
1587 665 1729 700 collocat
1749 665 1785 699 in

296 723 405 748 nave·
396 739 406 755 ,

389 779 479 830 Ὼς
507 762 632 835 ἔφατ’
656 779 891 833 Ἀλκίνοος,
921 787 1061 825 τοῖσιν
1091 780 1133 825 δ’
1164 781 1392 837 ἐπιήνδανε
1419 782 1575 836 μῦθος.

328 836 374 878 οἵ
398 836 477 890 μὲν
504 837 770 888 κακκείοντες
799 838 902 891 ε’βαν
932 836 1104 881 οἶκόνδε
1134 838 1330 887 ξ’·καστος

322 887 451 962 ἦμος,
461 890 504 934 δ’
531 891 744 946 ἠριγένεια
771 894 888 950 φάνη
921 894 1237 964 ῥοδοδάκτυλος
1261 893 1385 943 Ἠώς,

322 945 395 1001 νῆ’
431 945 505 1000 ἄρ’
539 948 846 999 ἐπεσσεύοντο,
878 952 1017 1002 φέρον
1046 950 1089 992 δ’
1121 948 1310 1005 εὐήνορα
1339 946 1511 1016 χαλκόν.

240 1006 295 1045 20
323 1002 395 1045 καὶ
423 1002 476 1046 τὰ
503 1003 582 1058 μὲν
609 1009 659 1046 εὐ
688 1004 891 1060 κατέθηχ’
924 1005 1041 1061 ἱερὸν
1070 1006 1198 1061 μένος
1223 1004 1474 1055 Ἀλκινόοιο,

153 1123 284 1160 πόσιον
308 1123 332 1172 ἦ
353 1140 507 1169 τοιαυτη
531 1125 700 1170 συνταξις
715 1130 888 1171 καλεῖται,
911 1143 946 1186 n:

153 1172 318 1228 εἰλαπίνη
347 1172 411 1217 (α’,
429 1173 515 1216 226)
539 1172 588 1212 (ὃς
611 1172 672 1207 ἐπὶ
696 1173 804 1208 πολύ.
825 1193 868 1199 -
901 1175 942 1209 τὸ

152 1215 193 1251 δὲ
225 1217 518 1261 ἀκουάζεσθε
549 1216 609 1261 (ι’,
641 1219 682 1259 7,
717 1220 755 1253 11.
781 1221 833 1260 δ’,
857 1219 943 1263 343)

151 1263 197 1308 δῆ
200 1262 305 1297 λον’“’
284 1277 342 1299 οτι
372 1265 439 1299 τοῦ
463 1262 614 1298 ἀκούειν
638 1261 710 1299 ἐστὶ
723 1267 943 1345 7π5αραγωγή.

176 1277 355 1344 η.10-15
401 1308 609 1355 ἐϋξέστῃ.
649 1309 745 1352 ζ’,7
798 1317 864 1345 etc.
899 1331 942 1337 —-

148 1357 276 1400 χηλῷ.
309 1353 361 1400 β’,
384 1357 462 1391 339.
493 1375 537 1380 —-
576 1346 680 1388 Sch.·
712 1358 942 1392 πολυδαί-

149 1402 294 1440 δαλος
317 1399 374 1443 (ζ’,
398 1403 440 1436 15
460 1402 557 1444 etc..)
593 1399 612 1435 6
631 1403 802 1460 ποικίλος
825 1416 856 1438 κ.
877 1415 939 1447 με-

147 1459 193 1481 τα
223 1445 345 1491 τέχνης
375 1458 634 1490 κατεσκευασμε
628 1446 721 1487 Ῑνος·
755 1450 866 1504 ηείς
895 1448 936 1484 τὸ

146 1492 410 1528 δαιδαλλεσθαι
440 1506 472 1526 κ.
501 1496 753 1528 ποικίλλεσθαι
755 1463 939 1535 ηεῦθετος.

145 1539 250 1572 verba
284 1539 334 1578 εἰς
365 1559 407 1564 -
441 1538 594 1578 εὔθετος
622 1539 805 1594 adscripsit
836 1541 937 1574 etiam

145 1585 216 1618 Am.
240 1584 299 1624 Β,
331 1588 366 1617 et
395 1585 552 1618 similiter
586 1585 631 1618 E:
674 1583 730 1619 ότι
762 1585 937 1629 χρυσόν

143 1631 499 1666 πολυδαίδαλον
529 1627 611 1665 'Aku-
647 1629 815 1667 ἐνταῦθα
847 1632 937 1676 λέγει

143 1675 207 1710 τὸν
237 1674 371 1718 οἱργὸν,
407 1690 437 1710 κ.
471 1672 760 1719 ἅκατέργαστον,
795 1679 856 1712 καὶ
884 1679 936 1718 εἰς

142 1719 256 1756 πολλοὶ
280 1721 543 1776 δαιδαλλεσθαι
562 1721 777 1762 ἐπιτήδειον.
810 1725 935 1759 τοιοῦ-

141 1780 203 1808 τος
220 1764 260 1800 δε
283 1772 302 1802 ο“
322 1769 394 1801 τῶν
413 1767 615 1809 ταλάντων,
639 1767 664 1802 ὁὶ
681 1767 834 1811 φθάσας
854 1768 934 1804 ε’λα-

141 1815 204 1858 βεν
225 1811 261 1847 ἐκ
279 1814 350 1847 τῶν
368 1812 538 1849 Φαιάκων
553 1812 749 1854 Ὀδυσσεύς
765 1814 833 1872 (θ’,
851 1816 931 1850 393

142 1860 188 1893 cf.
208 1858 248 1892 11.
271 1857 306 1900 ι’,
329 1859 435 1902 122..)
455 1878 500 1884 —
523 1861 596 1894 Am.
620 1860 685 1894 Β.·
712 1857 817 1904 δῶρ’
843 1859 931 1896 ὅσα

143 1902 373 1961 Φαιήκων.
398 1902 500 1961 ςᾶντὶ
532 1906 602 1940 τοῦ
629 1904 754 1949 ὑμεῖς·
787 1919 831 1941 ου
864 1905 932 1951 γὰρ

140 1948 244 1985 ἄλλοι
267 1963 360 1990 τινες
387 1945 482 1995 ἦσαν
513 1952 549 1986 οἱ
581 1949 716 1990 δόντες.
763 1953 931 1998 βουλη-

140 1995 285 2051 φόροι
317 1995 460 2040 ἄνδρες.
505 1997 545 2031 11.
580 1995 628 2037 ε’,
655 2000 752 2034 186:
795 1999 930 2040 Αἰνεία,

143 2042 279 2085 Τρωων
312 2040 521 2088 βουληφόρε
550 2043 837 2086 χαλκοχιτωνων
882 2046 928 2078 cf.

136 2088 177 2122 ΙΙ.
207 2088 261 2133 β’,
285 2089 328 2124 24
349 2093 413 2123 etc.
446 2108 491 2114 —
541 2090 746 2132 τρίποδα
783 2103 928 2132 μεγαν

136 2130 218 2178 η’δε
240 2133 421 2191 λέβητα.
455 2134 560 2168 intell.
585 2133 763 2189 απύρους.
788 2134 927 2170 ἀναθε-

134 2180 329 2223 ματικούς,
352 2184 389 2214 ut
411 2179 451 2213 Il.
475 2177 518 2221 ι’,
543 2182 628 2222 122,
652 2180 824 2223 r412267,
849 2183 926 2216 885.

136 2230 281 2260 ceterum
306 2237 339 2259 v.
395 2224 513 2265 ,44Ο,
536 2224 588 2267 θ’,
607 2205 692 2269 434,
719 2227 759 2261 11.
784 2225 834 2267 o',
858 2228 926 2263 344

134 2275 199 2304 etc.
245 2272 352 2325 friget
363 2239 544 2304 yE’ustathii
566 2271 736 2316 scriptura
758 2269 800 2316 ἠὲ
822 2271 926 2317 λέβη-

132 2328 192 2357 τα,
217 2315 271 2350 cui
294 2320 328 2349 et
350 2316 424 2361 ipse
447 2317 600 2372 praefert
619 2318 801 2361 vulgatam,
825 2329 923 2362 quam

132 2361 172 2396 ἐν
194 2366 271 2402 τοῖς
293 2358 554 2416 ακριβεστέροις
583 2364 656 2397 τῶν
668 2363 923 2419 ἀντιγράφων

132 2408 277 2451 reperiri
301 2407 369 2449 ait,
394 2408 514 2442 collato
531 2407 714 2444 21220'12
733 2410 802 2455 γὰρ
823 2408 923 2445 ἔσον-

130 2465 212 2494 ται,
244 2453 371 2497 inquit,
404 2451 590 2497 ἀνδρακὰς
622 2458 792 2498 τρίποδες
819 2457 921 2490 δεκα-

129 2501 248 2543 τρεῖς,
270 2499 330 2533 και
354 2497 496 2542 λέβητες
521 2502 722 2543 δεκατρεῖς,
760 2499 782 2536 ὃ
805 2505 920 2545 κρεῖτ-

128 2557 205 2580 τον.
224 2563 269 2569 -
296 2544 508 2588 τιμιώτερον
525 2545 564 2581 δὲ
582 2547 731 2591 λέβητος
752 2544 773 2582 6
796 2560 919 2591 περι-

119 2589 305 2645 καλλής
335 2592 541 2646 τρίπους
574 2593 704 2647 (217).
761 2592 821 2627 διὸ
856 2593 917 2629 καὶ

119 2631 324 2680 Ἠφαιστος
346 2634 386 2672 ἐν
406 2633 530 2672 Ἰλιάδι
552 2636 623 2680 (ιε’,
645 2639 733 2681 373)
757 2637 917 2683 ἀσχολεῖ-

126 2694 188 2716 ται
221 2682 377 2717 εἴκοσι
399 2684 635 2726 τρίποδας
658 2682 847 2727 τεύχων.
875 2703 916 2711 -

126 2726 168 2763 τὸ
199 2725 238 2763 δὲ
271 2725 512 2784 ἀνδρακάς
554 2729 712 2786 (viritim)
749 2729 916 2772 ὀξύνεται

124 2785 191 2827 μεν
214 2772 307 2807 nocto?
336 2773 378 2808 τὸ
402 2772 504 2816 ἑκὰς,
538 2787 569 2808 κ.
590 2773 725 2833 dynvas,
759 2789 790 2810 κ.
814 2774 915 2810 ἐντυ-

123 2817 210 2860 mie.
254 2820 363 2864 δηλοῖ
382 2818 420 2854 δε
453 2819 495 2855 τὸ
517 2819 599 2855 κατ’
633 2818 751 2865 ἄνδρα
775 2826 839 2856 etc.
871 2823 913 2856 ’.Α

125 2866 179 2905 1,
203 2866 274 2900 Am.
281 2833 344 2905 ²7.Q
369 2870 403 2899 et
425 2865 485 2899 Β.·
518 2863 537 2902 ὁ
550 2863 690 2921 λόγος,
722 2866 816 2901 κατὰ
848 2863 912 2901 ἇν-

125 2910 194 2951 δρα
216 2911 285 2945 νῦν
309 2912 521 2953 προθῶμεν,
545 2909 696 2956 ν’στερον
720 2911 768 2948 δὲ
785 2911 822 2947 ἐκ
845 2913 912 2947 τοῦ

124 2953 244 3010 δήμου
267 2953 577 3013 οἱναπραξώμεθα.
608 2960 674 3002 Ap.
698 2958 908 2992 emendatus.

122 2997 317 3044 ἀνδρακάς.
355 3000 437 3038 κατ’
474 3001 610 3048 ἄνδρα,
641 3002 910 3050 ἐπιρῤηματικῷ

989 1143 1039 1163 τω
1064 1142 1190 1172 τυπφ,
1219 1142 1268 1170 ως
1292 1129 1331 1165 ἒν
1352 1129 1405 1173 τῷ
1426 1125 1520 1168 ἑκάς.
1559 1124 1660 1169 (m3re
1681 1122 1780 1158 libri:

992 1188 1040 1214 ως
1072 1174 1110 1209 ἐν
1142 1173 1290 1229 εκάστῳ.
1337 1163 1408 1208 sci‘l.
1449 1174 1592 1208 dederat
1622 1169 1783 1204 librarius

989 1219 1063 1255 ἐν
1052 1219 1156 1261 endec,
1179 1221 1298 1255 omisso
1323 1220 1490 1264 articulo,
1507 1228 1603 1263 quem
1627 1216 1784 1260 quoniam

989 1265 1178 1323 addendum
1212 1278 1287 1299 esse
1320 1265 1451 1306 sensit,
1486 1263 1671 1298 inculcavit
1705 1265 1783 1304 past

987 1310 1092 1352 εκοὶς,
1133 1311 1373 1365 superscriptis
1404 1309 1569 1350 numeris,
1609 1319 1652 1341 ne
1678 1306 1784 1340 litura
1818 1335 1821 1338 .

987 1357 1143 1391 foedaret
1165 1358 1306 1398 librum3
1342 1357 1459 1400 itaque
1491 1365 1591 1396 mox,
1621 1351 1783 1396 neglectis

988 1403 1152 1444 numeris,
1191 1404 1295 1436 verba
1333 1401 1418 1442 εκοὶς
1449 1402 1501 1447 τῷ
1536 1399 1704 1434 coaluere.
1738 1413 1782 1421 —-

987 1449 1090 1482 Barn.
1112 1459 1178 1481 non
1200 1449 1304 1482 male:
1328 1449 1443 1488 αὐτις.
1459 1466 1504 1473 -—
1535 1443 1781 1498 ἀγειρόμε-

987 1507 1038 1528 νο
1053 1508 1087 1534 ι,
1108 1495 1202 1526 nobis
1220 1495 1426 1549 colligentes.
1465 1492 1621 1527 medium.
1664 1490 1714 1524 E:
1738 1485 1780 1523 τὸ
1815 1523 1819 1528 ,

987 1537 1145 1584 ἀγείρειν
1175 1537 1213 1573 ἐκ
1236 1541 1304 1576 τοῦ
1308 1539 1449 1596 δήμου
1480 1536 1527 1573 τοὶ
1562 1535 1779 1580 δωρηθέντα

986 1597 1247 1629 σμικροπρεπες
1279 1584 1366 1629 μὲν,
1399 1584 1487 1624 ἔθος
1515 1581 1556 1618 δε
1587 1582 1686 1626 ὅμως
1707 1593 1778 1616 πα-

985 1632 1112 1672 λαιόν,
1143 1631 1237 1666 κατὰ
1268 1630 1333 1672 τὰς
1361 1629 1553 1676 λεγομένας
1583 1630 1780 1668 συνδοσιάς

979 1690 1010 1712 κ.
1036 1676 1222 1733 διανομάς.
1250 1697 1290 1702 -
1327 1679 1399 1711 Am.
1430 1677 1475 1716 Q.
1499 1680 1534 1710 et
1555 1673 1617 1709 Β.
1648 1672 1779 1708 τισό-

979 1720 1094 1766 μεθ’.
1130 1722 1393 1766 εἰσπραξομεν,
1422 1719 1596 1756 ἀποτῖσαι
1619 1719 1685 1756 τὸν
1705 1721 1776 1775 δῆ-

977 1782 1049 1812 μον
1072 1771 1151 1809 τοῖς
1173 1770 1242 1803 νῦν
1267 1770 1441 1804 δοκοῦσιν
1470 1767 1549 1810 (imo
1574 1764 1774 1802 δεδωκόσιν

978 1815 1032 1848 vel
1044 1812 1240 1868 δώσουσιν)
1254 1813 1514 1871 α’·ναγκασομεν.
1533 1811 1575 1847 τὸ
1588 1811 1628 1848 δε
1643 1826 1670 1848 π
1681 1826 1701 1857 ρ
1714 1825 1773 1847 οι-

977 1859 1056 1901 κὸς
1082 1859 1202 1914 γενική
1234 1859 1329 1896 ἐστιν
1360 1859 1444 1896 ἀντὶ
1466 1861 1688 1904 αἰτιατικῆς,
1723 1857 1773 1899 ως

978 1918 1090 1950 φησιν
1121 1903 1358 1948 Ηρωδιανός.
1413 1906 1523 1940 sch..
1559 1917 1642 1940 τισ.
1654 1930 1665 1947 ,
1700 1905 1771 1940 εἰσ-

975 1951 1214 1996 πραττόμεθα
1239 1954 1358 1996 (scrib.
1381 1952 1584 1996 εἰσπραξ.),
1619 1948 1647 2008 ἢ
1673 1949 1772 1986 dno-

974 1997 1181 2043 ληψόμεθα.
1231 1998 1254 2044 ἡ
1289 1997 1501 2054 προικός,
1527 1996 1648 2043 γενική
1686 1995 1769 2032 ἀντὶ

974 2046 1043 2079 τοῦ
1071 2046 1253 2099 προῖκα.
1302 2045 1380 2099 (Ει
1417 2064 1462 2070 -
1491 2040 1643 2086 Ἀττικδς
1672 2041 1767 2088 α’νὴρ

974 2090 1069 2125 οὕτω
1089 2088 1239 2134 φράζει
1265 2089 1307 2125 τὸ
1325 2103 1394 2134 γαρ
1412 2091 1621 2134 κοινότερον
1639 2093 1767 2146 προῖ-

972 2149 1028 2171 κα
1041 2149 1144 2186 χαρ.
1169 2137 1235 2180 -)
1261 2134 1279 2170 6
1298 2136 1365 2181 γὰρ
1385 2136 1493 2176 νοῦς·
1515 2134 1674 2191 χαλεπὸν
1694 2133 1764 2180 γὰρ

972 2196 1002 2216 κ.
1027 2180 1225 2225 ἀδύνατον,
1250 2181 1315 2218 ἕνα
1338 2179 1479 2227 δωρεὰν
1500 2180 1684 2227 τοσαύτην
1700 2194 1775 2227 xus

970 2229 1157 2271 ρίσασθαι.

1016 2274 1070 2308 16.
1117 2273 1164 2316 π’,
1188 2274 1320 2315 406,σ
1334 2275 1412 2316 ,·50
1433 2277 1500 2309 etc.

1015 2321 1070 2354 17.
1117 2318 1165 2362 η’,
1186 2322 1274 2360 229,
1296 2286 1344 2353 1⁶1.
1359 2319 1407 2361 α’,
1431 2320 1509 2355 606.

1014 2365 1070 2399 18.
1116 2364 1162 2410 β’,
1187 2369 1205 2402 1
1231 2372 1296 2400 etc

1014 2412 1108 2446 1-9
1121 2412 1176 2447 26.
1222 2410 1547 2447 ἐπεσσεύοντο.
1578 2411 1618 2445 ΙΙ.
1637 2409 1774 2456 β’,86,Δ

968 2455 1035 2489 150
1057 2461 1123 2492 etc.
1148 2476 1193 2483 —
1225 2458 1297 2491 Am.
1324 2457 1389 2497 Q..

964 2593 1034 2626 Am.
1053 2594 1118 2634 Q:
1143 2591 1571 2630 καὶ-Ἀλκινόοιο.
1597 2591 1755 2638 ὅρατὴν

962 2636 1045 2672 κατ’
1078 2638 1200 2684 ὀλίγον
1229 2639 1422 2684 προκοπήν
1452 2641 1684 2684 (progressum
1718 2643 1771 2674 et:

964 2684 1057 2717 velut
1079 2687 1205 2742 gradus
1222 2686 1478 2720 benevolentiae
1499 2693 1609 2742 atque
1618 2685 1752 2720 officio-

960 2731 1064 2772 rum).
1098 2730 1143 2766 τοὶ
1166 2730 1242 2789 μὲν
1249 2731 1317 2775 γάρ
1334 2733 1461 2774 πρῶτα
1485 2744 1534 2771 ως
1556 2730 1672 2787 ἱκέτης
1690 2730 1749 2767 δέ·

962 2776 1104 2816 δεκται,
1141 2790 1172 2811 κ·
1195 2776 1286 2834 ὀὐδὲ
1309 2775 1382 2819 ἀφ’
1404 2776 1539 2813 εαυτοῦ
1563 2774 1719 2833 ἤγειρεν
1727 2774 1747 2813 ὃ

959 2821 1127 2874 βασιλεύς
1157 2820 1281 2858 αὐτόν.
1327 2822 1459 2882 daila,
1480 2823 1599 2867 (scrib.
1631 2821 1749 2858 αὐτὸν

954 2863 1089 2922 ἀμελῆ,
1114 2868 1332 2913 neglectum)
1355 2869 1416 2904 καὶ
1438 2867 1648 2910 ὀνειδίζεται
1670 2865 1744 2904 ’ὑπδ

954 2908 1110 2966 Ἀρήτης
1123 2916 1196 2958 (η’,
1202 2917 1277 2950 159.
1283 2915 1325 2957 ),
1348 2912 1537 2950 Ἀλκίνο’
1541 2938 1552 2955 ,
1577 2927 1629 2950 ov
1647 2913 1746 2957 μέν·

956 2970 1030 2993 τοι
1060 2956 1110 2992 τό
1122 2962 1169 2996 δε
1200 2960 1409 3001 κάλλιον,
1449 2957 1502 2995 ον’
1518 2957 1567 2994 δὲ
1607 2959 1742 3000 ἔοικε,

955 3004 1123 3042 Ξεῖνον
1167 3005 1250 3050 μὲν
1298 3005 1442 3050 χαμαὶ
1472 3001 1626 3051 ἧσθαι
1671 3003 1736 3042 ἐπ’

1425 2455 1636 2513 εὕήννορα
1658 2460 1771 2514 χαλ-ζ

966 2501 1059 2536 κόν.
1093 2502 1157 2538 τὸν
1180 2503 1388 2545 κοσμοῦντα
1410 2502 1476 2538 τὸν
1496 2501 1625 2547 ἄνδρα.
1671 2502 1772 2548 εὖή-;

965 2559 1057 2590 νορα
1081 2547 1183 2584 οἶνον
1206 2548 1292 2582 dixit
1316 2547 1362 2590 δ’,
1385 2550 1464 2590 622,
1488 2549 1546 2583 ubi
1571 2561 1602 2584 v.
1619 2553 1693 2583 a'nn.
1710 2566 1771 2574 —-·
1824 2554 1825 2597 ζ
