1846 3282
523 195 1107 238 ΟΔῬΣΣΕΙΑΣ
1162 200 1213 238 Δ.

1571 264 1574 265 7
1623 205 1707 246 145

210 303 338 348 δώσω
368 302 506 348 καλὸν
535 302 740 358 ο’ἱλεισον,
770 306 845 349 ἵνα
875 307 1131 377 σπένδῃσθα
1158 310 1331 351 θεοῖσιν

210 359 474 412 ἀθανάτοις,
506 360 662 417 ἐμέθεν
689 363 961 419 μεμνημένος
988 381 1134 421 ηματα
1161 362 1315 408 πάντα.
1325 367 1350 387 “

259 463 409 498 retinere
440 475 478 497 se
508 464 663 499 studenti
694 465 873 508 Menelao,

179 509 254 554 agit
287 509 525 544 Telemachus.

906 470 941 500 et
976 466 1066 502 dona
1097 465 1280 512 hospitalia
1305 467 1539 513 promittenti,
1575 473 1707 517 gratias

266 577 355 620 Τὸν
386 575 428 620 δ’
461 573 520 621 αὖ
537 579 798 649 Τηλέμαχος
827 578 1102 633 πεπνυμένος
1128 578 1281 623 ἀντίον
1292 579 1446 652 ,ηὔδα-

209 665 236 686 ,,
244 631 461 704 Ἀτρείδη,
491 633 550 690 μὴ
578 636 632 690 δή
659 650 711 690 με
736 635 879 678 πολύν
906 635 1072 704 χρόνον
1101 635 1259 680 ἐνθάδ’
1289 636 1429 690 ἔρυκε

100 692 182 737 595
211 691 286 734 καὶ
315 690 412 746 γάρ
431 691 475 734 κ’
506 693 565 742 εἰς
593 691 795 735 ἐνιαυτὸν
825 692 908 747 ἐγώ
938 691 1058 746 παρὰ
1089 692 1205 749 σοίγ’
1231 691 1474 763 ἀνεχοίμην

209 746 391 803 ἥμενος,
422 746 526 791 ουδέ
553 747 600 791 κέ
629 746 678 804 μ’
709 750 838 791 οἴκου
868 749 960 792 ἕλοι
988 748 1156 801 πόθος,
1188 748 1293 793 οὐδὲ
1322 749 1499 807 τοκήων

213 806 381 859 (αῑνως
408 805 491 860 γὰρ
517 803 731 876 μύθοισιν
763 806 908 849 ἔπεσσί
936 821 980 848 τε
1011 811 1156 850 σοῖσιν
1185 803 1364 850 ἀκούων

212 861 476 930 τέρπομαι)·
507 859 605 904 ἀλλ’
635 861 736 931 ήδη
748 878 824 916 μοι
853 860 1113 915 ἀνιάζουσιν
1143 863 1310 916 ἑταῖροι

211 916 259 960 ἐν
292 917 427 973 Πύλῳ
456 916 651 988 ἠγαθέῃ·
683 917 738 963 σύ
770 918 815 961 δέ
846 935 896 973 με
925 919 1092 974 χρόνον
1121 918 1281 963 ἐνθάδ’
1309 919 1488 974 ἐρύκεις.

98 978 181 1018 600
191 976 361 1031 δῶρον
390 962 452 1025 δ’,
485 973 576 1018 ὅττι
604 973 652 1017 κέ
681 992 757 1030 μοι
788 978 933 1046 δοίης,
966 975 1210 1047 κειμήλιον
1226 977 1355 1020 ε’στω·

212 1031 372 1081 ι’ππους
403 1029 446 1074 δ’
477 1033 537 1082 εἰς
559 1029 738 1101 Ἰθάκην
772 1030 857 1075 οὐκ
886 1033 1063 1087 ἄξομαι,
1097 1032 1210 1076 ἀλλά
1241 1046 1311 1076 σοι
1342 1032 1463 1091 αὐτῷ

213 1086 372 1130 ἐνθάδε
401 1088 534 1139 λείψω
564 1086 748 1144 ἀγαλμα.

812 1087 865 1132 σύ
900 1089 985 1144 γὰρ
1017 1092 1188 1133 πεδίοιο
1218 1088 1424 1142 ἀνάσσεις

211 1142 385 1198 εὐρέος,
417 1161 450 1202 ῳ
482 1145 544 1188 ἔνι
573 1145 654 1200 μὲν
682 1145 820 1196 λωτός
849 1147 1005 1200 πολύς,
1038 1146 1084 1190 ἐν
1114 1148 1160 1191 δὲ
1189 1146 1414 1217 κύπειρον,

210 1203 346 1254 πυροί
371 1217 434 1251 τε,
466 1203 571 1254 ζειαί
600 1218 666 1253 τε,
699 1202 758 1245 ἰδ’
791 1201 1008 1275 εὐρυφυὲς
1038 1208 1115 1258 κρῖ
1139 1202 1320 1247 λευκόν

101 1259 183 1302 605
215 1274 261 1300 εν
292 1256 336 1300 δ’
365 1257 516 1314 Ἰθάκῃ
547 1257 642 1302 οὔτ’
675 1257 730 1312 ἀρ
762 1260 918 1313 δρόμοι
948 1258 1111 1314 εὐρέες,
1144 1262 1246 1303 οὔτε
1275 1277 1315 1303 τι
1343 1258 1527 1317 λειμων·

217 1315 460 1370 αἰγίβοτος,
489 1315 562 1358 καὶ
592 1318 760 1371 μᾶλλον
789 1315 1000 1372 ἐπήρατος
1030 1317 1305 1374 ἱπποβότοιο.

48 1437 136 1472 dixit
154 1438 195 1472 ΙΙ.
215 1437 267 1480 ω’,
286 1440 378 1481 322.,
402 1451 465 1474 nec
488 1440 578 1475 aliud
603 1440 733 1475 indicat
758 1438 859 1485 εὔερ-

46 1482 110 1540 γῆς
134 1485 174 1519 ΙΙ.
199 1484 238 1527 ε’,
263 1486 340 1521 58.5
368 1490 404 1520 et
428 1486 526 1521 alias.
560 1507 605 1511 —
646 1485 857 1523 ἄλεισον.

47 1530 92 1577 γ’,
114 1532 160 1566 50
184 1536 250 1565 etc.

93 1578 205 1613 595—
210 1579 288 1613 608.
336 1577 403 1617 εἰς
427 1575 673 1613 ἐνιαυτόν.
697 1580 780 1615 526.
811 1599 856 1603 —-

47 1621 338 1678 ἀνεχοίμην,
360 1624 489 1680 patiar,
514 1623 783 1669 perduraverim.
810 1623 855 1670 η’,

46 1668 580 1726 32‚n„‚,27711.0‘.‚470etc
606 1670 855 1714 -μύθοι-

46 1727 121 1752 σιν
149 1714 316 1752 ε’πεσσί
338 1728 397 1759 τε,
417 1717 626 1750 sermonibus
641 1719 855 1752 narrationi-

46 1763 184 1807 busque.
231 1763 282 1796 ita
319 1763 405 1797 haec
435 1763 542 1796 verba
577 1763 764 1807 composita
797 1764 854 1797 di-

46 1808 222 1852 stinguas,
266 1819 367 1866 quae
388 1809 529 1842 seorsim
563 1815 729 1854 usurpata
764 1809 853 1845 idem

47 1854 252 1899 significant.
274 1874 319 1880 -
343 1853 637 1896 ἀνιάζουσιν,
662 1857 854 1901 indignan-

48 1905 126 1942 tur,
149 1912 202 1934 me
225 1901 360 1942 morari,
386 1901 472 1935 socii
494 1901 689 1936 voluntarii.
714 1903 759 1947 β’,
773 1904 854 1938 292.

50 1965 95 1971 --
136 1944 187 1982 σύ
222 1945 271 1982 δὲ
306 1966 350 1973 -
386 1946 582 1991 ἐρύκεις.
628 1946 667 1983 δὲ
704 1949 853 1983 causale.

48 1989 255 2036 ἐρύκεις,
288 1994 442 2036 detines,
479 1994 511 2028 h.
536 2006 565 2028 e.
602 1994 757 2029 detinere
788 1995 854 2030 vis.

49 2050 83 2073 v,
120 2050 194 2073 ann.
228 2039 270 2074 ad
304 2039 343 2074 ΙΙ.
375 2039 418 2081 ο’,
446 2042 521 2076 186.
570 2042 641 2074 Αιιι.
668 2041 733 2081 Q:
771 2041 855 2085 περὶ

49 2082 119 2120 δύο
157 2083 302 2142 γέγονεν
348 2083 368 2121 6
412 2084 519 2129 λόγος
562 2086 613 2131 τῷ
659 2086 853 2131 Μενελάῳ,

46 2132 132 2172 περί
170 2144 209 2168 τε
253 2129 399 2188 ἡμερῶν
428 2131 642 2190 Μέπιμονῆς,
682 2134 743 2170 καὶ
782 2135 852 2169 δω-

46 2178 135 2223 ρεᾶς
159 2179 295 2214 ἵππων.
343 2176 363 2215 6
403 2177 443 2214 δε
483 2178 579 2222 πρὸς
606 2178 719 2224 ἄμφω
749 2192 853 2216 συνε-

45 2225 120 2265 τῶς
164 2222 422 2269 ἀνθυποφέρει
439 2251 450 2268 ,
502 2226 570 2270 τὴν
617 2225 684 2269 μὲν
733 2225 851 2262 αὐτοῦ

47 2268 226 2315 ἐπιμονὴν
246 2271 417 2308 ἑκούσιον
445 2269 689 2317 ἀποφαίνων,
715 2271 852 2330 ἀντινι-

47 2317 132 2357 &sig
160 2317 200 2353 δε
227 2317 295 2363 τὴν
321 2320 395 2354 τῶν
435 2319 590 2363 ἑταίρων
624 2319 752 2362 ἀνίαν,
786 2334 852 2361 ους

47 2362 236 2399 κατέλιπεν
265 2363 304 2400 ἐν
337 2364 470 2421 Πύλῳ,
506 2365 549 2401 τὸ
581 2364 621 2402 δὲ
652 2368 774 2409 δῶρον
802 2365 852 2407 ὠς

46 2404 324 2464 ἀνεπιτήδειον,
348 2424 396 2446 ου
418 2400 471 2447 δι’
502 2410 638 2456 αὐτὸν,
666 2411 756 2448 ἀλλὰ
785 2413 850 2448 διὰ

45 2452 114 2500 τήν
132 2458 304 2499 πατρίδα,
328 2455 568 2502 ἀρνούμενος.
591 2479 636 2485 —-
660 2459 850 2504 χρόνον,

47 2502 128 2543 diu,
162 2503 206 2536 ad
241 2505 284 2538 12
315 2502 398 2540 dies.
445 2517 476 2538 v.
505 2506 683 2540 Thiersch.
711 2509 744 2549 §.
769 2508 850 2548 298,

48 2550 81 2582 1.
95 2560 138 2589 8.,
161 2548 300 2585 Jacobs.
323 2551 458 2586 Anthol.
483 2552 553 2586 Pal.
580 2555 613 2586 3.
641 2564 673 2597 p.
700 2554 778 2588 627.
804 2573 850 2577 -

46 2593 99 2628 E:
127 2592 402 2638 κειμήλιον.
428 2615 466 2620 -
496 2598 681 2633 τουτέστιν
706 2596 849 2634 α’πόθε-

45 2638 114 2675 τόν
149 2653 195 2675 τι.
242 2640 334 2697 λέγει
362 2640 402 2676 δὲ
425 2644 535 2679 τοῦτο
566 2647 675 2701 Τηλ.,
713 2658 848 2689 παραι-

44 2699 222 2729 τουμενος
245 2701 334 2728 τους
367 2688 503 2730 ἵππους
533 2689 613 2734 (ὦς
641 2691 702 2726 καὶ
732 2691 750 2726 ὁ
777 2706 848 2726 πα-

44 2730 113 2777 τὴρ
132 2731 332 2774 Ὀδυσσεύς
352 2732 391 2768 ἐν
410 2732 535 2770 Ἰλιάδι
560 2736 617 2780 [κ’,
632 2739 740 2773 566-
749 2740 828 2773 569.
834 2737 847 2780 ]

43 2779 278 2825 παρῃτήσατο
308 2794 397 2822 τους
427 2780 467 2816 ἐκ
498 2783 562 2823 τῆς
590 2786 846 2839 κατασκοπῆς,

0 2856 1 2859 ,
45 2827 176 2868 φασιν,
200 2828 388 2871 ἵππους),
421 2829 458 2863 οι
485 2827 553 2864 ov’n
582 2842 629 2863 αν
657 2835 847 2874 κειμηλιω-

43 2869 234 2924 Ιθήσονται.
259 2894 303 2900 -
329 2873 529 2918 ἄγαλμα,
551 2876 845 2911 oblectamentum.

0 2901 2 2962 .
42 2914 247 2961 7227411.
274 2919 320 2963 δ’,
346 2920 412 2956 144
437 2928 502 2955 etc.
531 2941 576 2946 —
610 2920 662 2956 σύ
688 2922 847 2982 γὰρ..-

0 3000 2 3008 .
44 2963 224 3000 λευκόν.
270 2966 436 3002 describit
467 2967 669 3002 Laconicam
702 2974 737 3002 et
762 2967 823 3012 ”ρΑ
826 2989 846 2995 -

43 3020 107 3052 νος
121 3009 335 3055 ἱππόβοτον.
368 3025 400 3047 v.
425 3014 464 3047 ΙΙ.
473 3012 531 3071 β’,
549 3015 629 3055 287,
650 3016 846 3068 559-568,

43 3055 232 3094 581—590.
278 3079 322 3085 —
367 3056 562 3105 ενρέος,
599 3061 685 3101 lati,
723 3061 844 3104 magni.

87 3112 224 3149 Honssn.
255 3116 387 3151 Onus.
413 3116 441 3151 1.

904 1444 1075 1478 Mannert.
1102 1442 1146 1478 de
1163 1441 1354 1480 Laconica,
1381 1443 1414 1477 8.
1441 1453 1474 1486 p.
1489 1442 1588 1477 559.=
1613 1441 1714 1483 „Die

905 1490 1037 1523 Gr6sse
1071 1489 1133 1523 des
1163 1489 1301 1522 Landes
1325 1488 1503 1522 fibertrifft
1526 1488 1592 1522 alle
1615 1489 1715 1523 fibri-

903 1546 970 1578 gen
995 1535 1250 1568 Landschaften
1276 1535 1337 1568 des
1362 1535 1639 1578 Peloponnesus:
1663 1535 1715 1569 sie

902 1582 1043 1622 betragt
1076 1586 1186 1615 etwas
1220 1582 1306 1614 fiber
1348 1583 1414 1615 100
1444 1581 1715 1624 geographische

906 1627 1120 1664 [jMeilen.“
1179 1627 1245 1660 N.:
1294 1625 1401 1667 „Das
1436 1637 1502 1658 von
1537 1627 1715 1671 Gebirgen

903 1673 1201 1717 eingeschlossene
1237 1672 1415 1706 Lakonien
1450 1672 1510 1705 hat
1535 1672 1628 1706 nicht
1653 1685 1715 1707 un-

902 1719 1154 1752 betrachtliche
1175 1719 1329 1751 Ebenen.
1355 1743 1381 1761 „
1397 1718 1486 1760 „Zu
1506 1718 1570 1752 den
1589 1719 1716 1752 sch6n-

901 1771 978 1799 sten
1031 1764 1360 1806 Griechenlands‚“
1379 1767 1402 1783 ‘⁶
1457 1769 1536 1808 sagt
1589 1765 1715 1799 Miiller

905 1811 1024 1845 Gesch.
1050 1812 1172 1844 hellen.
1203 1813 1257 1845 St.
1282 1812 1315 1845 2.
1340 1810 1377 1844 S.
1402 1811 1480 1851 69„
1515 1835 1538 1851 ,‚
1557 1812 1716 1855 „gehfirt

902 1859 958 1892 die
983 1869 1035 1891 am
1060 1862 1181 1891 untern
1207 1857 1318 1890 Laufe
1342 1856 1404 1890 des
1428 1856 1601 1898 Eurotas,
1630 1857 1715 1891 wel-

902 1904 965 1938 che
990 1903 1062 1937 sich
1096 1915 1164 1948 geg
1141 1914 1206 1947 gen
1237 1903 1354 1936 Siiden
1379 1902 1715 1946 auseinanderzstht,

901 1963 935 1984 u.
964 1961 1027 1983 xor
1052 1949 1116 1983 den
1141 1949 1383 1983 Nordwinden
1416 1948 1525 1982 durch
1558 1949 1715 1994 Gebirge

901 1997 1085 2041 geschutzt
1107 1996 1163 2028 ist.
1192 1996 1287 2028 Auch
1313 1995 1375 2029 der
1399 2006 1466 2028 von
1494 1994 1616 2028 Felsen
1641 2007 1714 2029 um-

902 2046 1026 2076 zaunte
1067 2041 1312 2075 Kfistenstrich
1362 2052 1429 2074 von
1478 2040 1595 2075 Malea
1625 2042 1713 2076 nach

901 2089 1098 2133 Epidauros
1124 2088 1258 2121 Limera
1284 2086 1508 2130 (Malvesia)
1534 2087 1580 2120 ist
1604 2099 1713 2131 unge-

899 2135 987 2169 mein
1007 2135 1203 2174 fruchtbar3
1229 2133 1323 2166 nicht
1347 2133 1477 2166 minder
1501 2133 1558 2167 die
1581 2133 1714 2168 Thaler

899 2193 941 2215 an
967 2182 1029 2214 der
1055 2181 1195 2214 Granze
1220 2179 1462 2212 Messenzensf
1492 2181 1516 2198 “
1561 2179 1713 2214 Freilich

898 2228 1019 2261 wohnt
1043 2226 1219 2260 Menelaos
1255 2226 1330 2259 dem
1359 2225 1490 2259 Homer
1517 2225 1714 2282 iiberhaupt

898 2273 942 2306 im
976 2270 1103 2315 ”Αργος
1146 2270 1400 2316 ἱππόβοτον.“
1449 2290 1493 2296 -
1538 2271 1710 2316 λωτὸς,

898 2331 1005 2364 germ.
1030 2320 1128 2352 Klee.
1164 2331 1197 2352 v.
1222 2319 1260 2352 ll.
1285 2317 1329 2362 β’,
1356 2319 1435 2353 776.
1461 2336 1505 2342 —
1540 2317 1712 2353 κύπει-

899 2379 918 2409 ρ
934 2378 1006 2407 ον,
1031 2377 1136 2410 germ.
1167 2365 1369 2409 Cypergras.
1411 2364 1450 2397 ΙΙ.
1518 2365 1632 2405 ,.351
1666 2384 1712 2390 -

897 2413 1067 2454 πυροὶ,
1104 2412 1268 2445 triticum.
1304 2422 1336 2443 v.
1363 2409 1402 2444 ΙΙ.
1427 2408 1469 2450 λ’,
1477 2377 1552 2450 φ69,
1587 2410 1710 2445 Biller-

899 2460 996 2493 beck.
1023 2458 1116 2492 Flor.
1141 2458 1241 2491 class.
1269 2468 1301 2500 p.
1324 2458 1379 2491 28.
1418 2475 1464 2480 -
1508 2457 1633 2498 ζειαί
1666 2469 1710 2492 τε

897 2504 974 2540 ἰδ’.
1007 2505 1058 2538 sic
1084 2505 1121 2537 Α.
1147 2506 1193 2546 2,
1218 2503 1352 2558 Steph„
1379 2501 1431 2535 Cl.
1459 2506 1523 2536 etc.
1574 2503 1710 2547 priscae

897 2551 995 2584 edd*
1031 2551 1122 2592 ζειαί
1150 2562 1188 2584 τε
1220 2546 1298 2594 ἠδ’,
1333 2560 1376 2582 ex
1403 2559 1471 2593 quo
1502 2547 1560 2580 alii
1593 2549 1709 2584 secere

897 2599 988 2640 ζειαί
1009 2609 1028 2630 τ
1069 2593 1146 2641 ἠδ’.
1174 2595 1318 2630 alterius
1342 2594 1536 2638 scripturae
1560 2594 1708 2629 alacrio-

896 2656 951 2699 res
977 2649 1057 2676 sunt
1081 2642 1221 2676 numeri.
1270 2647 1419 2676 ceterum
1446 2651 1479 2671 v
1504 2641 1561 2674 41.
1587 2641 1706 2675 -Ε,

895 2688 1147 2733 εὐρυφυὲς
1182 2686 1220 2723 ὁὶ
1246 2686 1335 2731 λε’)ει
1364 2686 1405 2722 τό
1432 2687 1512 2727 κρῖ
1540 2699 1707 2731 παρατη-

894 2737 1060 2780 ρημένως
1104 2735 1174 2791 (ad
1208 2732 1481 2769 observationem
1519 2734 1706 2777 naturae),

895 2782 943 2823 ὡς
962 2784 1135 2818 τοιοῦτον
1153 2778 1197 2816 ὂν
1215 2794 1309 2815 κατα
1327 2779 1392 2823 τὴν
1413 2776 1578 2821 ἔκφυσιν.
1606 2779 1703 2833 Virg.

893 2830 1014 2873 Eclog.
1051 2830 1083 2869 5,
1117 2829 1198 2863 36.:
1240 2827 1396 2878 grandia
1435 2835 1539 2867 saepe
1580 2825 1705 2870 quibus

893 2875 1122 2910 mandavimus
1147 2874 1275 2906 hordea
1300 2870 1414 2906 sulcis.
1444 2881 1474 2903 v.
1494 2870 1598 2906 Schn
1618 2871 1650 2905 h.
1669 2883 1702 2905 v.

891 2942 937 2948 —
963 2921 1156 2964 δρόμοι,
1172 2919 1356 2957 curricula,
1381 2915 1494 2970 spatia
1513 2927 1572 2950 seu
1594 2918 1705 2963 campi

893 2969 937 3003 ad
962 2981 1003 3013 eq
1006 2965 1179 3001 uitandum
1204 2964 1258 2998 vel
1285 2963 1442 2997 curribus
1465 2962 1704 2998 invehendum.

893 3035 937 3039 —
975 3015 1053 3056 aly
1065 3014 1242 3058 ίβοτος.
1284 3010 1391 3043 intell.
1426 3005 1545 3050 ἐστὶν,
1590 3009 1704 3054 ellipsi

893 3060 1043 3095 solenni.
1075 3070 1109 3091 v.
1143 3057 1267 3092 Matth
1306 3058 1338 3099 §.
1363 3055 1443 3090 305.
1479 3060 1515 3089 et
1547 3054 1595 3089 cs.
1621 3055 1701 3091 834.

1373 3106 1426 3143 10
