1856 3282
529 172 1102 215 ΟΔΤΣΣΕΙΑΣ
1156 173 1205 214 Ο.

1594 180 1676 221 241

224 279 526 335 Τηλεμάχου”
501 297 647 352 εταροι
673 282 785 326 λύον
812 282 948 332 ἱστία,
974 279 1100 324 κάδδ’
1130 281 1230 324 ἕλον
1257 281 1378 326 ἷστόν

221 338 539 389 καρπαλίμως,
552 340 630 393 τὴν
659 338 701 382 δ’
732 340 792 389 εἰς
822 337 962 392 ὅρμον
989 336 1265 406 προέρυσσαν
1293 338 1494 395 ἐρετμοῖς,

221 392 268 434 ἐκ
297 390 340 434 δ’
371 391 499 443 εὐνάς
516 394 704 463 ἔβαλον,
732 396 839 438 κατὰ
871 394 917 436 δὲ
943 390 1179 448 πρυμνήσι’
1211 393 1381 460 ἔδησαν,

222 447 269 490 ἐκ
298 448 344 490 δὲ
371 448 444 491 καὶ
474 448 597 493 αὐτοὶ
625 454 780 506 βαῖνον
808 449 877 493 ἐπὶ
910 450 1084 519 ρηγμῖνι
1108 446 1346 510 θαλάσσης,

112 505 194 549 500
224 502 403 547 δεῖπνόν
431 503 473 546 τ’
502 504 756 554 ἐντύνοντο,
784 505 978 559 κερῶντό
1005 521 1049 549 τε
1065 505 1243 577 ,αὑθοπα
1273 503 1408 550 οἶνον.

222 558 359 614 αὐτὰρ
389 559 480 603 ἐπεὶ
505 561 658 613 πόσιος
685 562 757 606 καὶ
785 560 963 632 ἐδητύος
991 561 1034 612 ἐξ
1062 560 1164 615 ἔρον
1191 559 1301 611 ἕντο,

221 619 334 659 τοῖσι
362 616 409 658 δὲ
443 617 685 673 Τηλέμαχος
712 617 982 671 πεπνυμένος
1009 616 1180 684 ἤρχετο
1186 613 1362 670 μύθων·

299 701 326 721 ‚,
330 670 470 726 Ὑμεῖς
497 675 577 742 μὲν
604 678 688 717 νῦν
718 674 873 718 ἄστυδ’
901 673 1098 717 ἐλαύνετε
1123 675 1210 727 νῆα
1238 671 1457 726 μέλαιναν,

223 726 359 797 αὐτὰρ
389 728 500 799 ἐγωυ
530 729 694 800 ἀγρούς
721 731 985 798 ἐπιείσομαι,
1013 727 1090 784 ἠδὲ
1118 730 1333 796 βοτῆρας·

109 784 191 829 505
221 783 421 853 ἑσπέριος
451 783 491 829 δ’
525 787 584 837 εἷς
613 785 721 830 ἄστυ
750 786 857 829 ίδών
876 784 966 853 ἐμοὶ
995 785 1101 839 ἔργα
1127 782 1309 838 κάτειμι.

217 837 363 911 ἠῶθεν
393 841 439 884 δέ
467 857 543 884 κεν
570 842 705 898 ὔμμιν
732 840 989 894 ὁδοιπόριον
1015 841 1305 910 παραθείμην,

219 894 334 939 δαῖτ’
365 894 539 953 ἀγαθὴν
566 901 728 954 κρειῶν
755 913 824 952 τε,
856 898 930 941 καὶ
960 898 1086 941 οἴνου
1113 895 1405 951 ἡδυπότοιο.“

267 997 517 1051 Theoclymeno
542 1002 674 1040 autem,
699 998 781 1044 quid
805 1011 843 1032 se
865 999 1013 1033 futurum
1038 998 1106 1039 sit,
1129 997 1331 1043 quaerenti,
1351 1008 1389 1031 se
1409 996 1500 1032 illum
1521 997 1690 1045 Euryma-

185 1041 263 1086 chi,
286 1042 354 1077 viri
377 1043 626 1088 potentisslmi,
650 1045 685 1078 in
710 1045 899 1079 clientelam
923 1043 1231 1078 commendaturum
1254 1054 1328 1078 esse
1352 1043 1450 1078 dicit.

298 1121 388 1164 Τὸν
418 1120 463 1165 δ’
493 1119 595 1166 αὖτε
624 1122 853 1176 προσέειπε
881 1120 1193 1188 Θεοκλύμενος
1206 1119 1427 1191 θεοειδής·

217 1207 242 1229 ,,
232 1179 314 1232 ,πῇ
341 1176 425 1231 γὰρ
454 1177 561 1232 ἐγω,
592 1180 688 1234 φίλε
712 1178 888 1230 τέκνον,
918 1180 998 1230 ι’ω;
1026 1182 1100 1220 τεῦ
1130 1175 1305 1231 δώμαθ’
1337 1178 1497 1234 ἵκωμαι

106 1234 189 1277 510
218 1231 422 1285 ἄνδρων,
452 1237 496 1277 οι
523 1235 720 1290 κραναὴν
746 1234 920 1290 Ἰθάκην
948 1233 1389 1288 κατακοιρανέουσιν,

217 1286 247 1344 ἢ
275 1289 378 1339 ἰθύς
406 1294 483 1343 σῆς
511 1291 671 1350 μητρὸς
702 1291 774 1342 ἴω,
804 1291 877 1333 καὶ
907 1295 1003 1333 σοῖο
1034 1289 1259 1358 δόμοιο;“

303 1345 392 1389 Τὸν
419 1345 460 1389 δ’
495 1350 552 1389 αὐ
569 1347 832 1419 Τηλέμαχος
860 1347 1130 1416 πεπνυμένος
1160 1345 1310 1389 ἀντίον
1338 1344 1476 1401 ηύδα·

221 1399 400 1452 ,,ὄὶλλως
429 1401 507 1457 μέν
537 1402 579 1446 σ’
616 1404 670 1446 ἂν
699 1403 830 1457 ε’γωγε
863 1403 937 1447 καὶ
964 1401 1224 1472 ἡμέτερόνδε
1253 1403 1459 1474 κελοίμην

219 1456 415 1512 ἔρχεσθ’,

446 1458 499 1501 οὐ
527 1458 611 1514 γάρ
641 1476 682 1502 τι
711 1461 861 1511 ξενίων
889 1461 1032 1530 πρθή·
1064 1458 1172 1502 ἀλλὰ
1205 1459 1273 1501 σοὶ
1303 1457 1421 1527 αὐτῷ

107 1513 190 1558 515
218 1518 388 1568 χεῖρον,
416 1514 505 1558 ἐπεί
533 1532 601 1559 τοι
629 1515 710 1570 ἐγώ
742 1516 820 1571 μὲν
850 1514 1114 1570 απέσσομαι,
1147 1513 1251 1558 ουδέ
1282 1526 1328 1557 σε
1361 1512 1499 1571 μήτηρ

219 1569 480 1621 ὄψεται·οὐ
506 1588 586 1627 μεν
613 1572 698 1628 γάρ
725 1589 765 1615 τι
790 1572 913 1628 θαμά
943 1569 1181 1629 μνηστῆρσ’
1214 1571 1277 1615 ἐνὶ
1307 1572 1413 1628 οἴκῳ

49 1714 130 1749 315.
148 1733 195 1741 —·
224 1713 549 1771 προέρυσσαν,
575 1720 612 1750 ut
634 1717 674 1750 Il.
701 1715 747 1758 α’,
772 1716 851 1752 435.

50 1760 169 1794 Harl·
161 1784 169 1790 ·
192 1760 481 1804 προέρεσσον
506 1762 618 1806 διχῶς
641 1764 696 1807 (h.
716 1776 745 1797 e.
759 1763 853 1796 :du-

49 1805 141 1851 plice
171 1817 232 1841 seu
271 1808 427 1842 variante
457 1809 667 1853 scriptura).
714 1808 853 1853 quidam

50 1852 142 1896 apud
167 1852 242 1887 Cl..
234 1864 242 1874 ·
265 1854 476 1897 προέρεσαν.
525 1854 616 1888 haud
640 1854 739 1888 nolim
763 1867 853 1898 προ-

50 1897 200 1940 ε’ρεσσαν
229 1897 399 1954 ἐρετμοῖς
429 1912 491 1944 per
522 1900 771 1943 hellenismum,
809 1901 852 1935 de

50 1955 117 1988 quo
141 1944 186 1978 ad
208 1943 339 1988 ζ’,61,
365 1946 404 1980 11.
430 1945 474 1987 6',
498 1946 566 1980 324
586 1953 654 1980 etc.

95 2011 185 2057 498,
210 2015 244 2049 9.
289 2014 331 2050 11.
355 2013 403 2056 α’,
428 2013 518 2056 436,
543 2016 578 2049 7

96 2082 222 2117 500—
231 2083 310 2118 507.

371 2080 654 2120 ἐντύνοντο,
701 2091 854 2133 appara-

52 2128 148 2164 bant.
171 2126 212 2170 ζ’,
236 2129 293 2170 33,
317 2128 431 2168 ΙΙ.ω’,
453 2129 597 2163 124etc.
622 2145 665 2150 --
689 2125 855 2169 κερῶν-

52 2185 126 2214 το,
151 2175 349 2209 miscebant.
382 2171 434 2214 θ’,
456 2174 525 2209 470
548 2179 613 2207 etc.
636 2188 681 2197 ·-
716 2172 856 2206 αι’-θο-

52 2231 112 2254 πα
145 2218 295 2254 οἶνον.
328 2219 382 2265 β’,
406 2222 451 2255 57
470 2224 536 2254 etc.
563 2238 608 2243 -
652 2216 856 2252 ἐπιείσο-

53 2277 149 2309 μαι.
185 2266 453 2310 superscriptum
484 2266 520 2299 in
543 2263 640 2298 Harl.
671 2262 858 2299 ἐπελεύσο-

53 2324 144 2356 μαι,
175 2311 265 2355 quod
294 2311 400 2344 habet.
433 2311 508 2345 Ald.
543 2312 603 2350 3.
643 2309 793 2354 legitque
822 2310 858 2343 in

57 2356 244 2401 exemplari
267 2367 328 2390 suo
353 2356 468 2390 Schol.
492 2358 564 2390 Am.
591 2334 634 2396 ’Q.
646 2379 656 2397 ‚
690 2362 727 2389 ut
740 2367 860 2411 appa-

55 2407 111 2436 ret
134 2413 178 2436 ex
200 2403 272 2445 ejus
295 2413 372 2436 ann.
394 2402 438 2435 ad
460 2401 519 2442 π,
546 2402 623 2437 130.
653 2419 696 2425 -
737 2399 859 2444 ἔργα,

56 2459 184 2494 agros,
206 2447 356 2482 fundum.
378 2466 421 2472 —
460 2447 669 2526 κάτειμι,
691 2453 859 2486 revertar,

55 2495 152 2528 velut
174 2505 219 2527 ex
242 2493 332 2527 altat
367 2504 403 2526 v.
426 2491 477 2535 λ’,
501 2494 590 2532 492,
666 2490 778 2531 ,.294
825 2504 860 2526 v.

57 2539 160 2574 Schn.
183 2551 218 2573 v.
246 2536 330 2582 εἶμι.
353 2556 395 2562 -
423 2541 497 2574 Am.
522 2539 568 2579 Q.
580 2504 704 2571 eth'a
730 2535 859 2573 ὁδοι-

57 2583 245 2640 πόριον.
280 2583 346 2619 τὸν
370 2583 435 2618 διὰ
462 2583 528 2619 τὸν
551 2583 670 2618 πλοῦν
695 2584 857 2618 δεῖπνον.

58 2627 223 2674 (αλλως.)
247 2629 316 2674 τὴν
331 2626 425 2675 ὑπὲρ
443 2633 511 2666 τοῦ
530 2630 762 2671 συνοδευσαι,
778 2627 860 2685 ἤτοι

59 2677 304 2719 συμπλεῦσαι,
340 2673 510 2712 ἑστίασιν.
554 2675 653 2709 Sch.=
694 2673 761 2710 τὸν
794 2673 858 2710 διὰ

57 2721 123 2758 τὸν
157 2724 216 2756 πλ.
249 2723 421 2762 δεῖπνον,
457 2718 480 2766 ἢ
499 2717 684 2777 αμοιβήν.
732 2721 782 2754 E:
815 2739 862 2745 -

58 2766 222 2823 μισθόν,
245 2764 269 2812 ἢ
293 2763 464 2823 ἆμοιβην,
489 2765 581 2810 ὑπὲρ
604 2767 672 2800 τοῦ
694 2767 860 2808 πλεῦσαι,

59 2810 192 2850 δαῖτ’
218 2832 261 2838 -·
285 2811 574 2870 ἡδυπότοιο.
608 2810 749 2855 ἡρωικά
773 2824 862 2846 ταυ-

60 2869 127 2895 τα·
163 2857 266 2894 οὔπω
285 2827 364 2903 γὰρ
391 2857 436 2893 τὰ
462 2860 615 2913 κίβδηλα
638 2855 862 2900 ἐπαρρησιά-

58 2907 138 2960 ζετο
173 2904 217 2949 (2
240 2905 320 2940 sort.
343 2903 619 2948 ἐπερὁσιάζετο
651 2903 693 2937 ab
717 2901 862 2946 ἐπιρῤυ-

61 2947 270 2993 σιᾶζεσθαι,
293 2947 500 2995 ἐπιρῤυσις,
533 2947 787 2992 abundabunt.)
822 2947 863 2983 ἐν

106 3007 248 3042 Ηοιιιςι.
274 3007 408 3041 Ουῑεε.
434 3007 478 3040 11.

897 1720 976 1758 τοῖς
999 1716 1082 1754 τότε
1113 1716 1227 1761 (apud
1259 1717 1410 1750 homines
1432 1721 1504 1750 tum
1529 1718 1698 1764 viventes)

896 1765 1075 1808 χρήματα.
1116 1765 1271 1808 κίβδηλα
1295 1761 1466 1807 χρήματα
1488 1770 1591 1798 vocat
1613 1777 1698 1819 opes

896 1810 1037 1844 fictitias
1073 1814 1108 1843 et
1140 1810 1235 1842 velut
1272 1810 1507 1850 adulteratas,
1542 1810 1697 1855 inprimis

896 1861 1097 1900 argentum,
1131 1867 1199 1899 quo
1222 1856 1366 1888 nondum
1400 1855 1583 1888 utebantur
1606 1868 1690 1890 aevo

897 1902 1054 1941 heroico,
1078 1900 1138 1933 sed
1163 1911 1225 1945 pro
1249 1912 1287 1934 se
1310 1907 1472 1945 operatos
1494 1901 1548 1934 vel
1567 1901 1700 1944 jumen-

898 1947 944 1981 tis
970 1948 1116 1980 rebusve
1138 1945 1299 1990 pretiosis
1323 1949 1471 1985 donare,
1504 1946 1557 1979 vel
1591 1948 1700 1991 epulis

899 1992 1058 2037 excipere
1090 1992 1263 2032 solebant,
1299 1997 1337 2025 ut
1358 1992 1391 2025 h.
1416 1992 1438 2024 l.
1465 1991 1700 2028 Telemachus.

899 2056 945 2063 —
985 2038 1311 2092 παραθείμην,
1357 2048 1567 2081 apposuero,
1611 2039 1700 2074 unde

898 2081 1106 2126 παραθεσις
1130 2094 1185 2138 ap.
1211 2082 1388 2138 Polybium
1422 2089 1457 2117 et
1478 2084 1701 2120 recentiores.

899 2128 946 2170 ν’,
966 2131 1045 2165 260.
1059 2141 1067 2161 =
1090 2127 1166 2183 πιῗρ
1190 2125 1229 2161 δ’
1253 2127 1370 2163 ἐτίθει
1385 2127 1595 2184 σπλάγχνων
1617 2130 1702 2173 μοι’-

903 2175 1115 2267 geas-543
1086 2172 1121 2215 ι’,
1110 2175 1299 2255 ‚53371etm
1323 2193 1369 2198 ——
1413 2172 1700 2219 ἡδυπότοιο.

1085 2219 1129 2265 7'2

948 2289 1033 2327 509,
1056 2288 1136 2322 510.
1183 2285 1224 2322 τὸ
1264 2286 1350 2331 γαρ
1381 2287 1480 2323 initio
1513 2289 1703 2325 sententiae

904 2333 1032 2378 posuit,
1056 2339 1096 2366 ut
1115 2333 1154 2366 11.
1173 2331 1217 2375 ρ’,
1233 2335 1314 2375 221,
1337 2335 1416 2374 252,
1442 2333 1484 2375 σ’,
1505 2337 1527 2369 6
1550 2340 1586 2368 et
1609 2335 1703 2371 allas.

905 2398 949 2403 —
975 2381 1082 2421 φίλε
1105 2378 1283 2413 τέκνον.
1325 2360 1511 2425 appellatio
1544 2380 1702 2416 senioris.

906 2436 940 2457 v.
966 2424 1010 2463 δ’,
1034 2425 1168 2458 78ch
1191 2443 1236 2449 —
1274 2427 1376 2466 τεῦ,
1401 2427 1511 2467 τίνος.
1547 2426 1599 2468 ω’,
1624 2427 1703 2462 257.

906 2488 951 2494 —-
977 2470 1166 2512 ἵκωμαι,
1195 2470 1260 2504 ἴω.
1298 2470 1423 2506 Matth.
1444 2474 1478 2514 §.
1504 2473 1583 2513 515,
1606 2473 1640 2506 2.
1658 2489 1704 2496 ·-

904 2514 1130 2569 κραναήν.
1178 2513 1239 2557 α’,
1271 2515 1339 2550 247
1372 2522 1436 2549 etc.
1481 2535 1525 2542 —
1571 2530 1704 2554 κατα-

905 2573 1021 2604 κοιρ.
1057 2563 1108 2594 sic
1131 2561 1222 2597 libri.
1263 2572 1297 2594 v.
1330 2559 1385 2603 α’,
1410 2562 1488 2596 247.
1512 2581 1556 2587 —-
1591 2563 1705 2605 ἰθύς

907 2618 927 2640 σ
927 2609 960 2661 ῆ
972 2619 1046 2687 ς1μ7ι
1049 2620 1072 2652 η
1084 2620 1103 2642 τ
1112 2619 1132 2651 ρ
1143 2606 1163 2642 6
1176 2619 1210 2651 ς,
1231 2611 1328 2640 recta
1360 2608 1406 2640 ad
1429 2612 1525 2641 tuam
1547 2613 1702 2644 matrem.

905 2666 926 2698 Y
950 2678 961 2697 ι

951 2720 1074 2755 513-
1086 2719 1167 2773 5243
1214 2716 1374 2773 ἄλλως,
1399 2719 1506 2761 alias,
1530 2720 1596 2754 alio
1613 2725 1705 2756 statu

906 2776 1038 2844 522¹?ss
1055 2764 1256 2844 ἶοειῖέζῗ
1265 2777 1331 2851 ἓὲ,
1323 2779 1341 2800 ⁰
1353 2766 1410 2855 3⁶,
1414 2766 1705 2847 ⁶55‘fd-m‘s'2'1T3

908 2857 1086 2898 ξενίων
1109 2854 1161 2899 (ι,
1184 2857 1251 2890 229
1274 2857 1359 2900 etc.)
1383 2857 1457 2890 τῶν
1480 2854 1570 2898 πρὸς
1593 2857 1706 2899 ξένων

908 2899 1105 2953 ’ὑποδοχήν
1120 2899 1345 2943 ἐπιτηδείων.
1366 2920 1412 2926 -
1445 2900 1572 2957 ποθή
1583 2902 1704 2942 ,desi-

910 2946 1065 2989 derium,
1095 2945 1221 2991 inopia.
1263 2944 1297 2992 β’
1308 2970 1319 2989 ,
1353 2947 1439 2988 126,
1520 2946 1705 2988 ‚414.—

1383 2996 1437 3033 16
