1846 3282
546 140 1135 184 ΟΛΤΣΣΕΙΑΣ
1188 142 1224 183 1.

1676 142 1730 182 11

239 254 314 298 καὶ
342 252 438 297 τότε
467 250 521 306 δὴ
552 251 741 303 Κίκονες
768 254 923 296 κλῖναν
951 247 1223 304 δαμάσαντες
1247 246 1461 304 Ἀχαιούς

154 317 211 358 60
236 312 283 363 ἐξ
314 309 360 354 δ’
390 307 471 387 ἀφ’
503 307 685 379 ἑκάστης
711 307 832 377 νηὸς
838 306 1104 374 ἐϋκνήμιδες
1134 305 1298 358 ἑταῖροι

239 365 433 411 ωλονθ’·

468 366 512 408 οἱ
541 363 582 409 δ’
613 364 738 409 ἄλλοι
767 363 966 421 φύγομεν
993 360 1195 406 θάνατόν
1221 376 1291 414 τε,
1322 361 1461 417 μόρον
1489 378 1544 405 τε.

291 470 498 521 tempestate
527 471 669 502 coactus
700 477 806 500 naves
837 464 1018 506 subducit,
1050 462 1225 508 tertioque
1259 462 1335 505 die,
1368 465 1446 498 dum
1470 464 1617 499 Maleam
1652 476 1733 510 pro-

206 514 410 550 montorium
434 513 727 559 circumnavigat,
751 523 870 547 rursus
894 513 930 546 vi
953 510 1046 546 venti
1070 514 1106 545 et
1127 509 1290 544 fluctuum
1314 521 1416 544 cursu
1441 511 1627 546 excutitur.

319 580 510 633 ,,”Ενθεν
538 582 586 625 δὲ
613 579 811 635 προτέρω
840 578 1049 647 πλέομεν,
1082 575 1346 632 ἀκαχήμενοι
1374 574 1497 634 ἦτορ,

241 636 424 709 ἅσμενοι
453 637 500 681 ἐκ
528 637 767 687 θανάτοιο,
798 637 957 692 φίλους
987 633 1213 684 ὀλέσαντες
1246 633 1462 688 ἑταίρους.

243 693 348 738 οὐδ’
379 694 467 749 ἄρα
494 710 571 751 μοι
599 693 798 748 προτέρω
826 697 926 745 νῆες
954 693 1054 735 κίον
1084 689 1409 761 ἀμφιέλισσαι,

160 755 215 797 65
244 752 351 806 πρίν
378 768 477 794 τινα
505 755 594 794 τῶν
623 753 779 793 δειλῶν
809 748 982 803 ἑτάρων
1005 748 1101 800 τρὶς
1135 747 1324 790 ε’καστον
1354 748 1500 800 άϋσαι,

244 810 288 852 οι
315 807 462 852 θάνον
489 806 537 850 ἐν
563 808 724 862 πεδίω,
755 804 963 849 Κικόνων
990 804 1081 848 ὕπο
1113 803 1370 860 δῃωθέντες.

241 865 372 920 νηυσὶ
399 864 446 908 δ’
475 861 635 917 ἐπῶρσ’
668 862 832 917 ἄνεμον
861 862 1023 931 βορέην
1049 861 1363 931 νεφεληγερέτα
1395 861 1507 912 Ζεύς
1558 885 1567 893 κ

243 923 419 965 λαίλαπι
448 920 681 977 θεσπεσίῃ,
711 902 791 971 ξῧν
821 920 868 962 δὲ
878 918 1101 990 νεφέεσσι
1123 916 1294 967 κάλυψε

239 982 372 1047 γαῖαν
401 976 514 1031 ὁμοῦ
542 978 617 1020 καὶ
646 976 833 1048 πόντον·
866 973 1027 1029 ὀρώρει
1057 973 1100 1019 δ’
1132 972 1384 1047 οὐρανόθεν
1413 972 1518 1026 νύξ.

156 1009 212 1079 70
246 1035 292 1077 αἱ
320 1034 399 1091 μὲν
431 1031 561 1078 ἔπειτ’
592 1030 794 1090 ἐφέροντ’
825 1031 1099 1088 ἐπικάρσιαι,
1130 1033 1245 1075 ἱστία
1275 1029 1321 1075 δέ
1351 1043 1431 1086 σφι

116 1149 281 1184 59—61.
329 1148 410 1184 καὶ
441 1147 558 1184 τότε.
594 1150 685 1190 251,
718 1147 773 1191 δ’,
796 1151 880 1192 256,

73 1193 315 1249 e'‚391etc.
344 1215 390 1220 —
431 1197 505 1229 Am.
544 1195 614 1235 Q·:
646 1194 764 1238 §56’
798 1193 877 1239 ἀφ’

75 1238 280 1297 εκάστης.
304 1239 434 1278 πολλοὶ
454 1240 686 1285 κατηγόρουν
704 1242 773 1276 τοῦ
794 1240 878 1276 άπι-

73 1285 219 1326 θάνου,
251 1282 304 1321 ῶν
335 1287 386 1328 εἷς
410 1285 486 1322 ἐστι
511 1287 572 1322 καὶ
600 1288 758 1328 Ζωΐλος·
794 1285 881 1322 ἄτο-

73 1345 148 1368 πον
170 1331 240 1377 γάρ
263 1330 464 1389 ἡγοῦνται,
488 1332 587 1390 μήτε
597 1333 767 1374 πλέονας,
789 1333 881 1378 μήτε

74 1377 261 1420 ἐλάττους,
285 1377 498 1437 ἀνῃρῆσθαι
517 1377 587 1424 ἀφ’
609 1380 762 1425 εκάστης
777 1380 878 1425 νηός.

73 1423 160 1460 ἀλλ’
190 1426 278 1464 ἴσως
312 1425 388 1462 ἀπὸ
421 1430 490 1462 τοῦ
523 1425 780 1482 ἐπιτάγματος.
819 1429 878 1466 (ex

70 1472 168 1516 jussu
187 1470 336 1516 Ulyssis‚
360 1474 418 1517 qui
442 1478 495 1507 tot
517 1485 536 1507 e
556 1485 645 1518 φιω
649 1485 678 1507 ιε
701 1485 789 1507 nave
807 1474 878 1507 ele-

71 1518 166 1561 gerit
198 1518 243 1550 ad
280 1519 516 1561 pugnandum,
554 1519 757 1553 interfectos
800 1520 877 1552 iilos

71 1574 189 1598 omnes
213 1574 234 1596 a
249 1563 463 1618 Ciconibus.)
487 1564 554 1608 χρὴ
579 1564 620 1600 δὲ
643 1565 689 1599 τοὶ
710 1562 878 1607 πλάσμα-

71 1621 120 1643 τα
151 1607 299 1643 πιθανοὶ
329 1614 436 1644 εἰναι.
481 1610 574 1645 Λύει
608 1609 648 1646 δὲ
681 1607 700 1644 ὁ
728 1612 879 1665 Κράτης

70 1653 203 1694 οὕτως.
234 1654 406 1700 βούλεται
414 1653 502 1699 Ομ.
528 1655 785 1703 εβδομήκοντα
810 1656 880 1692 δύο

73 1698 315 1741 ἀπολωλότας
347 1701 510 1745 σημάναι
545 1713 612 1739 etc.
663 1705 704 1739 Β.
740 1716 880 1749 quoque

75 1748 147 1781 Am.
161 1771 172 1788 ‚
207 1759 227 1781 e
249 1750 421 1782 sententia
445 1750 616 1784 Cratetis:
652 1748 706 1803 οβ’
734 1751 879 1786 ἀπολω-

72 1792 182 1834 λότας
192 1790 324 1851 βουλή
347 1796 397 1838 τῷ
415 1790 568 1853 Ομήρςο
596 1795 770 1841 σημάναι.
814 1810 860 1831 πε
861 1815 879 1822 -

74 1837 137 1882 §dv
159 1835 228 1875 οὖν
248 1839 290 1875 τό
312 1839 432 1883 φάναι
457 1841 708 1879 ἅπωλοντο
734 1844 778 1879 οὶ
805 1841 878 1889 οβ’,

74 1898 108 1920 κ.
131 1885 273 1942 σχεδὸν
308 1885 498 1922 ἀδύνατον
529 1889 646 1926 ειπεῖν
677 1892 878 1934 ποιητικῶς

75 1930 142 1967 διοὶ
158 1930 200 1967 τὸ
215 1931 359 1986 μέτρον.
392 1940 488 1968 recte
499 1935 636 1970 Crates.
678 1937 766 1971 ΖοϊΙί
793 1949 877 1971 acu-

71 1989 149 2012 men
173 1979 294 2013 merito
318 1979 508 2024 explodunt.
527 1981 688 2016 Dacieria
707 1988 742 2018 et
760 1983 877 2017 Mont-

74 2025 198 2060 helius.
231 2025 371 2060 fuerunt
394 2032 505 2060 autem
539 2030 581 2063 12
606 2041 732 2064 naves:
764 2041 799 2065 v.
823 2032 875 2063 in-

73 2069 183 2105 serius
209 2072 294 2112 159,
328 2071 370 2105 11.
394 2070 453 2117 β’,
476 2073 556 2109 637.
579 2094 624 2100 -
653 2074 878 2131 ἐϋκνήμι-

72 2117 164 2157 δες.
188 2114 236 2162 β’,
254 2118 299 2152 72
317 2125 385 2151 etc·
404 2138 450 2143 —
472 2118 694 2157 θάνατόν
717 2135 777 2165 τε,
801 2120 877 2162 μό-

73 2175 157 2207 ρον
181 2176 240 2198 τε.
273 2164 474 2209 hendiadys.
512 2165 555 2208 λ,
575 2168 664 2210 408,
688 2182 734 2211 υ,
755 2169 835 2206 241.

117 2221 183 2262 61,
216 2222 273 2256 62.
323 2219 452 2267 άκαχ.
495 2220 636 2270 ἦτορ,
678 2237 878 2270 ασμενοι

72 2264 119 2302 ἐκ
141 2268 245 2300 stow.
281 2267 434 2303 breviter
458 2274 494 2304 et
516 2270 730 2323 έμφατικῶς
752 2273 877 2307 dictum

73 2323 135 2358 pro
153 2312 235 2346 hoc.
254 2313 425 2357 καίπερ’
400 2329 504 2360 ακαχ.
524 2323 628 2363 ήτορ,
649 2321 806 2364 quamvis
821 2323 878 2362 af-

76 2358 181 2399 αἱαὶ,
204 2359 248 2392 ad
251 2359 519 2413 significandam
537 2366 747 2400 celeritatem
769 2366 879 2400 actio-

76 2403 139 2437 nis
163 2422 205 2429 —
238 2403 370 2450 άκαχ.
401 2408 440 2442 11.
465 2409 504 2450 ε’,
524 2412 571 2446 24
591 2418 658 2446 etc.
674 2431 720 2437 —-
747 2410 879 2447 άσιιε-

75 2461 175 2490 vot,
207 2452 405 2496 zoeerovrae
441 2454 480 2489 ΙΙ.
506 2456 557 2498 ξ’,
590 2458 678 2499 108,
713 2458 748 2493 ν’
759 2485 768 2497 ,
799 2461 877 2494 350.

76 2501 282 2539 repetuntur
305 2498 422 2532 haec
412 2511 447 2534 m
469 2482 569 2537 simili
603 2515 706 2539 causa
735 2504 879 2540 inferius

74 2541 155 2577 565.
181 2547 217 2576 et
238 2541 283 2586 κ’,
309 2545 386 2580 133.

121 2585 221 2623 64—
230 2590 285 2624 69
337 2589 444 2625 ουδ’
476 2591 563 2638 ἄρα
593 2615 637 2621 -
670 2595 878 2642 δῃωθέν-

75 2644 163 2675 τες.
207 2634 259 2669 E:
285 2632 422 2677 ἔθος
401 2651 468 2681 ην,
492 2641 606 2685 φασὶ,
632 2643 698 2683 τάς
719 2644 794 2678 τῶν
818 2643 879 2678 ἐπι

75 2678 181 2723 ξένης
216 2679 479 2739 α’πολλυμένων
518 2688 642 2731 ψυχὰς
677 2689 880 2724 α’νακαλεῖν

74 2724 152 2783 τρὶς
167 2725 256 2768 τούς
278 2741 330 2763 ετι
347 2734 684 2793 περιλειπομένους,
706 2750 738 2771 κ.
759 2734 880 2777 οὕτως

74 2769 234 2809 ἀπιέναι.
273 2770 294 2810 ο“
317 2781 538 2822 ψυχαγωγία
559 2793 616 2820 τις
637 2776 706 2838 ἦν,
731 2796 780 2825 ως
803 2785 880 2818 τῶν

74 2816 364 2857 ἀνακαλούντων
377 2821 590 2861 δοκούντων
604 2826 776 2873 κατάγειν
792 2828 879 2866 ἐκεί-

77 2877 166 2908 νους
196 2864 220 2912 ἢ
242 2867 412 2926 μετάγειν
444 2873 495 2914 εἰς
518 2886 538 2908 τ
564 2886 586 2907 ν
606 2886 703 2918 πατρ
707 2877 777 2913 ίδα.
817 2876 881 2912 και

78 2912 264 2971 Πίνδαρος
288 2910 358 2951 οὖν
390 2918 516 2963 (Pyth.
573 2920 674 2963 ‚284
683 2887 737 2956 oet
765 2925 881 2968 seqq.)

72 2957 140 2993 τὸν
157 2957 320 3003 Ἰάσονος
351 2966 471 3000 πλοῦν
504 2945 584 3000 ἐπὶ
595 2965 791 3012 ἀνακλήσει
814 2971 882 3013 τῆς

77 3006 147 3042 τοῦ
167 3009 305 3054 Φρίξου
321 3012 446 3058 ψυχῆς
467 3011 507 3048 ἐκ
532 3013 598 3059 τῆς
614 3015 793 3060 Κολχίδος
814 3017 882 3062 γῆς

924 1145 1101 1192 γενέσθαι
1132 1147 1348 1190 μυθολογεῖ.
1390 1143 1593 1190 (Theocriti
1626 1145 1735 1179 locum

925 1194 1065 1227 similem
1088 1193 1184 1240 idyll.
1212 1195 1266 1231 13
1291 1195 1347 1227 53.
1373 1192 1526 1226 laudavit
1554 1191 1735 1230 Montbel„

924 1239 1006 1273 item
1032 1240 1127 1283 Virg.
1156 1242 1236 1273 Aen
1261 1241 1305 1279 3,
1330 1239 1386 1273 67.
1412 1244 1448 1272 et
1471 1240 1512 1281 6,
1536 1239 1638 1281 505.)
1673 1237 1738 1273 καὶ.

923 1269 1118 1343 Ἀθηναῖοι
1139 1284 1180 1320 δὲ
1198 1283 1425 1328 κενοτάφιον
1448 1285 1644 1324 ποιοῦντες
1661 1286 1737 1319 τῶν

926 1330 965 1367 ἐν
1003 1330 1176 1390 θαλάσσῃ
1213 1330 1487 1374 ἀπολλυμένων.
1538 1330 1737 1376 κατῄεσαν,

927 1378 1041 1422 φασι,
1063 1380 1145 1436 περὶ
1168 1377 1235 1413 τὸν
1261 1377 1444 1421 αἰγιαλὸν,
1468 1390 1500 1412 κ.
1522 1380 1738 1434 φωνοῦντες

924 1427 1049 1468 τρίτον
1073 1425 1200 1460 αὐτῶν
1232 1423 1279 1458 τά
1302 1424 1474 1466 ὀνόματα
1504 1422 1623 1465 οὕτως
1652 1423 1739 1459 ἄνε-

924 1471 1084 1527 χώρουν.
1118 1485 1180 1506 και
1200 1468 1316 1511 ἄλλως
1341 1469 1394 1510 δὲ,
1420 1470 1528 1514 φασὶ,
1552 1472 1630 1513 τρὶς
1655 1484 1738 1506 εκα-

924 1529 1010 1553 στον
1050 1515 1300 1553 ἀνεκαλοῦντο
1341 1518 1416 1552 τῶν
1447 1518 1663 1552 τεθνεώτων
1696 1516 1739 1552 ἐν

923 1563 1042 1609 μάχῃ,
1072 1562 1286 1621 άφοσιοιῖμ
1277 1577 1351 1597 νοι
1381 1562 1449 1608 τὴν
1472 1562 1622 1599 ἐκείνων
1645 1563 1747 1608 μνῆ-ι

925 1624 1020 1654 μην,
1055 1623 1104 1651 ως
1138 1624 1186 1645 αν
1219 1608 1269 1666 μὴ
1295 1611 1461 1644 δοκῶσιν
1498 1609 1738 1655 ἐπιλελῆσθαι

926 1655 1078 1691 αὕτῶν’
1113 1654 1186 1711 ἤδη
1223 1654 1262 1691 ὸὲ
1294 1670 1379 1697 και,
1416 1657 1479 1690 ἵνα
1509 1656 1559 1701 μή
1586 1672 1641 1698 τις
1665 1660 1739 1700 ζῶν

925 1716 955 1737 κ.
981 1701 1295 1747 ἐπικρυπτόμενος
1326 1702 1390 1737 δια
1419 1701 1509 1743 τούς
1539 1709 1625 1740 πολε
1614 1708 1739 1747 μίους

924 1751 1195 1794 καταλειφθείη
1213 1749 1298 1785 ἐκεῖ.
1321 1749 1384 1784 καὶ
1403 1751 1515 1785 τοῦτο
1534 1751 1601 1793 μὲν
1613 1750 1735 1795 ‘Oun—

925 1796 1040 1838 ρικόν.
1074 1795 1260 1842 Ἀρριανὸς
1286 1793 1326 1830 δὲ
1351 1793 1444 1840 λέγει
1469 1796 1531 1831 καὶ
1552 1794 1613 1834 ὅτε
1635 1796 1740 1842 παραὶ

927 1845 1110 1884 Βιθυνοῖς
1133 1844 1324 1879 τελοῦνται
1347 1842 1393 1876 τοὶ
1418 1842 1590 1886 νεκύσια,
1615 1848 1740 1880 καλεῖν

924 1887 1103 1934 όνομαστι
1130 1890 1196 1930 τὰς
1217 1891 1290 1924 τῶν
1308 1889 1581 1933 κατοιχομένων
1600 1891 1739 1937 ψυχάς,

924 1935 1008 1972 ὅσοι
1031 1939 1203 1992 τελευτᾷν
1228 1936 1357 1979 ἔτυχον
1381 1934 1589 1981 υπερόριοι,
1613 1952 1646 1973 κ.
1671 1951 1737 1973 κα·

923 1986 1096 2018 τακαλεῖν
1129 1981 1270 2023 αὐτοὺς
1303 1996 1340 2022 ες
1375 1996 1474 2026 τρις,
1519 1997 1552 2039 κ.
1575 1983 1739 2021 δέεσθαι

923 2028 1116 2071 ἀνελθεῖν,
1156 2029 1206 2070 ὡς
1239 2026 1455 2072 μετάσχοιεν
1490 2031 1557 2075 τῆς
1599 2032 1740 2073 δαιτός.

925 2074 986 2112 ὅτι
1011 2075 1051 2112 δε
1075 2075 1321 2131 ἐπανακλησιν
1336 2078 1468 2120 ψυχῶν
1489 2077 1664 2121 ἐδόξαζόν
1684 2093 1739 2114 τι-

923 2136 994 2166 νες,
1014 2120 1059 2159 ου’
1080 2123 1198 2167 μόνον
1218 2124 1258 2158 αὶ
1277 2125 1563 2166 νεκυομαντικαὶ
1582 2126 1739 2169 δηλοῦσι

923 2173 1171 2215 ψυχαγωγίαι,
1198 2168 1288 2204 ἀλλὰ
1306 2182 1367 2204 και
1391 2169 1471 2213 (αἱ)
1495 2174 1619 2207 λοιπαὶ
1639 2185 1739 2208 ιστο-

924 2218 1014 2259 ρίαι.
1050 2230 1142 2260 φασι
1159 2219 1249 2258 γοῦν
1269 2229 1330 2250 και
1354 2212 1412 2251 ὅτι
1436 2217 1664 2261 Ζαμόλξιδος
1682 2222 1739 2254 δι-

925 2262 1129 2306 δείξαντος,
1155 2262 1196 2305 ὃς
1221 2265 1327 2298 δοκεῖ
1348 2261 1531 2306 πρότερον
1557 2268 1696 2309 Πυθαγ
1701 2265 1739 2302 ό-

925 2323 993 2354 ρας
1016 2312 1211 2354 γενέσθαι,
1249 2309 1367 2344 ἔθυον
1393 2310 1429 2344 οἱ
1453 2312 1566 2346 Γέται
1589 2326 1620 2346 κ.
1645 2313 1687 2347 ειῗ
1692 2327 1739 2346 ω·-

925 2370 1062 2402 χουντο
1088 2356 1147 2392 ἐπὶ
1171 2359 1252 2396 τοῖς
1281 2358 1505 2400 τεθνεῶσιν,
1540 2372 1591 2399 ως
1622 2355 1740 2400 αυθις

924 2404 1081 2450 ἥξοντος
1102 2404 1170 2439 τοῦ
1190 2401 1466 2444 ἀποθανόντος.
1484 2423 1529 2429 —
1554 2406 1740 2448 δειλῶν,

925 2461 1107 2497 δειλαίων.
1130 2481 1177 2486 —-
1231 2459 1314 2503 ,άϋ
1329 2471 1416 2496 σαι.
1453 2459 1513 2505 (ζ’,
1538 2464 1636 2507 117.)
1673 2464 1741 2498 lex

927 2509 1035 2542 Bekk.
1061 2520 1096 2553 p.
1121 2506 1221 2542 464*
1248 2506 1380 2548 ἀῦσαι,
1417 2508 1619 2564 βοηθῆσαι.
1661 2522 1740 2544 cor-

927 2555 992 2599 rig.
1012 2555 1186 2600 βοῇσαιέ*
1209 2556 1246 2588 ss.
1260 2574 1306 2579 —
1331 2552 1503 2608 ἐπῶρσ’
1507 2580 1514 2587 .
1541 2554 1577 2597 ε’,
1594 2558 1738 2592 109etc.

926 2622 972 2627 —-
995 2604 1144 2643 νεφελ.
1175 2599 1298 2641 Ζεύς.
1326 2597 1379 2634 α’.
1403 2588 1448 2634 63
1470 2606 1537 2634 etc.
1560 2621 1606 2626 —
1641 2605 1740 2637 λαί-

926 2650 1040 2682 λαπι
1063 2650 1212 2689 θεσπἾ
1239 2648 1392 2701 procella
1417 2647 1548 2686 divina,
1575 2648 1608 2681 h.
1632 2660 1662 2682 e.
1686 2649 1742 2682 in-

926 2694 1046 2737 genti,
1069 2695 1229 2748 βαθείῃ,
1263 2706 1306 2735 με
1293 2692 1419 2737 γάλῃ,
1455 2694 1594 2739 πολλῇ,
1626 2701 1666 2728 ut
1691 2696 1741 2730 ait

925 2738 1090 2784 162408,
1118 2740 1159 2774 ll.
1183 2739 1222 2775 λ’
1248 2742 1337 2779 306,
1362 2739 1562 2781 ρ’,57εΙι-.
1584 2741 1739 2784 -ξιὶν

927 2806 973 2812 -
996 2799 1018 2820 ν
1033 2785 1342 2829 155.‚293,4.

973 2834 1157 2868 70-72.
1213 2828 1522 2873 ἐπικάρσιαι,
1568 2833 1738 2877 obliquae.

928 2890 1119 2934 quanquam
1152 2878 1201 2911 Ε·
1233 2877 1277 2912 ἐπ
1301 2903 1310 2919 ,
1343 2878 1477 2921 inquit,
1510 2877 1556 2913 οὐ
1574 2880 1738 2936 πλάγιαι

929 2927 1020 2968 νῦν,
1060 2921 1207 2980 ὁμοίως
1238 2925 1289 2968 τῷ
1322 2921 1528 2967 ἐγκάρσιοι,
1563 2922 1645 2961 ἀλλ’
1677 2926 1735 2962 ἐπὶ

928 2969 1104 3016 κεφαλὴν,
1123 2969 1186 3006 διὰ
1202 2969 1271 3014 τήν
1290 2967 1329 3005 ἐκ
1348 2970 1415 3005 τοῦ
1435 2972 1606 3016 σφοδροῦ
1624 2972 1736 3008 πνεύ-

928 3031 1044 3063 ματος
1067 3030 1143 3053 των
1167 3016 1292 3052 ἱστίων
1316 3014 1454 3063 πολλὴν
1478 3018 1636 3056 ἔντασιν.
1674 3021 1735 3055 καὶ
